@Article{_rov__2013,
  doi = {10.1016/j.anbehav.2013.10.002},
  url = {https://doi.org/10.1016/j.anbehav.2013.10.002},
  year = {2013},
  month = {dec},
  publisher = {Elsevier {BV}},
  volume = {86},
  number = {6},
  pages = {1315--1323},
  author = {Radka {\v S}{\a'a}ro {\a'a} and Marek {{\v S}pinka} and Ilona St{\v e}hulo {\a'a} and Francisco Ceacero and Marie {\v S}ime{\v c}ko {\a'a} and Radim Kotrba},
  title = {Pay respect to the elders: age, more than body mass, determines dominance in female beef cattle},
  journal = {Animal Behaviour},
}

@Article{Abbott_1981,
  doi = {10.1530/jrf.0.0630335},
  url = {https://doi.org/10.1530/jrf.0.0630335},
  year = {1981},
  month = {nov},
  publisher = {Bioscientifica},
  volume = {63},
  number = {2},
  pages = {335--345},
  author = {D. H. Abbott and A. S. McNeilly and S. F. Lunn and M. J. Hulme and F. J. Burden},
  title = {Inhibition of ovarian function in subordinate female marmoset monkeys (Callithrix jacchus jacchus)},
  journal = {Reproduction},
}

@Article{Abbott_1987,
  doi = {10.1111/j.1469-7998.1987.tb03720.x},
  url = {https://doi.org/10.1111/j.1469-7998.1987.tb03720.x},
  year = {1987},
  month = {nov},
  publisher = {Wiley},
  volume = {213},
  number = {3},
  pages = {455--470},
  author = {David H. Abbott},
  title = {Behaviourally mediated suppression of reproduction in female primates},
  journal = {Journal of Zoology},
}

@Article{alados1992determinants,
  author = {C.L. Alados and J.M. Esc{\a'o}s},
  title = {The determinants of social status and the effect of female rank on reproductive success in Dama and Cuvier's gazelles},
  date = {1992-4-01},
  volume = {4},
  number = {2},
  pages = {151-164},
  url = {http://dx.doi.org/10.1080/08927014.1992.9525336},
  doi = {10.1080/08927014.1992.9525336},
  issn = {0394-9370},
  score = {15.888133},
  journaltitle = {Ethology Ecology & Evolution},
  year = {2021},
}

@Article{alados1992determinantsa,
  author = {C.L. Alados and J.M. Esc{\a'o}s},
  title = {The determinants of social status and the effect of female rank on reproductive success in Dama and Cuvier's gazelles},
  date = {1992-4-01},
  volume = {4},
  number = {2},
  pages = {151-164},
  url = {http://dx.doi.org/10.1080/08927014.1992.9525336},
  doi = {10.1080/08927014.1992.9525336},
  issn = {0394-9370},
  score = {15.848504},
  journaltitle = {Ethology Ecology & Evolution},
  year = {2021},
}

@Article{Arlet_2014,
  doi = {10.1007/s10764-014-9810-4},
  url = {https://doi.org/10.1007/s10764-014-9810-4},
  year = {2014},
  month = {dec},
  publisher = {Springer Science and Business Media {LLC}},
  volume = {36},
  number = {1},
  pages = {55--73},
  author = {Ma{\l}gorzata E. Arlet and Lynne A. Isbell and Ants Kaasik and Freerk Molleman and Rebecca L. Chancellor and Colin A. Chapman and Raivo M{\"a}nd and James R. Carey},
  title = {Determinants of Reproductive Performance Among Female Gray-Cheeked Mangabeys (Lophocebus albigena) in Kibale National Park, Uganda},
  journal = {International Journal of Primatology},
}

@Article{Armitage_2011,
  doi = {10.1890/10-0109.1},
  url = {https://doi.org/10.1890/10-0109.1},
  year = {2011},
  month = {jan},
  publisher = {Wiley},
  volume = {92},
  number = {1},
  pages = {218--227},
  author = {Kenneth B. Armitage and Dirk H. Van Vuren and Arpat Ozgul and Madan K. Oli},
  title = {Proximate causes of natal dispersal in female yellow-bellied marmots, Marmota flaviventris},
  journal = {Ecology},
}

@Article{BAKER_1998,
  doi = {10.1006/anbe.1998.0950},
  url = {https://doi.org/10.1006/anbe.1998.0950},
  year = {1998},
  month = {dec},
  publisher = {Elsevier {BV}},
  volume = {56},
  number = {6},
  pages = {1411--1424},
  author = {PHILIP J BAKER and CHARLES P.J ROBERTSON and STEPHAN M FUNK and STEPHEN HARRIS},
  title = {Potential fitness benefits of group living in the red fox,Vulpes vulpes},
  journal = {Animal Behaviour},
}

@Article{Baniel_2018,
  doi = {10.1016/j.anbehav.2018.03.001},
  url = {https://doi.org/10.1016/j.anbehav.2018.03.001},
  year = {2018},
  month = {may},
  publisher = {Elsevier {BV}},
  volume = {139},
  pages = {37--49},
  author = {Alice Baniel and Guy Cowlishaw and Elise Huchard},
  title = {Context dependence of female reproductive competition in wild chacma baboons},
  journal = {Animal Behaviour},
}

@Article{Barroso_2000,
  doi = {10.1016/s0168-1591(00)00113-1},
  url = {https://doi.org/10.1016/s0168-1591(00)00113-1},
  year = {2000},
  month = {aug},
  publisher = {Elsevier {BV}},
  volume = {69},
  number = {1},
  pages = {35--53},
  author = {F.G. Barroso and C.L. Alados and J. Boza},
  title = {Social hierarchy in the domestic goat: effect on food habits and production},
  journal = {Applied Animal Behaviour Science},
}

@Article{Baxter_1979,
  doi = {10.1007/bf01541200},
  url = {https://doi.org/10.1007/bf01541200},
  year = {1979},
  month = {sep},
  publisher = {Springer Science and Business Media {LLC}},
  volume = {8},
  number = {5},
  pages = {445--458},
  author = {Margaret Joan Baxter and Linda Marie Fedigan},
  title = {Grooming and consort partner selection in a troop of Japanese monkeys (Macaca fuscata)},
  journal = {Archives of Sexual Behavior},
}

@Article{Bernstein_1986,
  doi = {10.1016/s0003-3472(86)80057-4},
  url = {https://doi.org/10.1016/s0003-3472(86)80057-4},
  year = {1986},
  month = {jun},
  publisher = {Elsevier {BV}},
  volume = {34},
  number = {3},
  pages = {739--747},
  author = {Irwin S. Bernstein and Carolyn Ehardt},
  title = {The influence of kinship and socialization on aggressive behaviour in rhesus monkeys (Macaca mulatta)},
  journal = {Animal Behaviour},
}

@Article{Borries_1991,
  doi = {10.1007/bf02547586},
  url = {https://doi.org/10.1007/bf02547586},
  year = {1991},
  month = {jun},
  publisher = {Springer Science and Business Media {LLC}},
  volume = {12},
  number = {3},
  pages = {231--257},
  author = {Carola Borries and Volker Sommer and Arun Srivastava},
  title = {Dominance, age, and reproductive success in free-ranging female hanuman langurs (Presbytis entellus)},
  journal = {International Journal of Primatology},
}

@Article{Burland_2002,
  doi = {10.1098/rspb.2002.1978},
  url = {https://doi.org/10.1098/rspb.2002.1978},
  year = {2002},
  month = {may},
  publisher = {The Royal Society},
  volume = {269},
  number = {1495},
  pages = {1025--1030},
  author = {Tamsin M. Burland and Nigel C. Bennett and Jennifer U. M. Jarvis and Christopher G. Faulkes},
  title = {Eusociality in African mole-rats: new insights from patterns of genetic relatedness in the Damaraland mole-rat (
		            Cryptomys damarensis
		            )},
  journal = {Proceedings of the Royal Society of London. Series B: Biological Sciences},
}

@Article{Burland_2002a,
  title = {Eusociality in African mole-rats: new insights from patterns of genetic relatedness in the Damaraland mole-rat (
            Cryptomys damarensis
            )},
  volume = {269},
  issn = {1471-2954},
  url = {http://dx.doi.org/10.1098/rspb.2002.1978},
  doi = {10.1098/rspb.2002.1978},
  number = {1495},
  journal = {Proceedings of the Royal Society of London. Series B: Biological Sciences},
  publisher = {The Royal Society},
  author = {Tamsin M. Burland and Nigel C. Bennett and Jennifer U. M. Jarvis and Christopher G. Faulkes},
  year = {2002},
  month = {May},
  pages = {1025â€“1030},
}

@Article{C_t__2000,
  doi = {10.1163/156853900502718},
  url = {https://doi.org/10.1163/156853900502718},
  year = {2000},
  publisher = {Brill},
  volume = {137},
  number = {11},
  pages = {1541--1566},
  author = {Steeve C{\^o} {\a'e}},
  title = {{DOMINANCE} {HIERARCHIES} {IN} {FEMALE} {MOUNTAIN} {GOATS}: {STABILITY}, {AGGRESSIVENESS} {AND} {DETERMINANTS} {OF} {RANK}},
  journal = {Behaviour},
}

@Article{Cafazzo_2010,
  doi = {10.1093/beheco/arq001},
  url = {https://doi.org/10.1093/beheco/arq001},
  year = {2010},
  publisher = {Oxford University Press ({OUP})},
  volume = {21},
  number = {3},
  pages = {443--455},
  author = {Simona Cafazzo and Paola Valsecchi and Roberto Bonanni and Eugenia Natoli},
  title = {Dominance in relation to age, sex, and competitive contexts in a group of free-ranging domestic dogs},
  journal = {Behavioral Ecology},
}

@Article{Cameron_2009,
  doi = {10.1073/pnas.0900639106},
  url = {https://doi.org/10.1073/pnas.0900639106},
  year = {2009},
  month = {aug},
  publisher = {Proceedings of the National Academy of Sciences},
  volume = {106},
  number = {33},
  pages = {13850--13853},
  author = {E. Z. Cameron and T. H. Setsaas and W. L. Linklater},
  title = {Social bonds between unrelated females increase reproductive success in feral horses},
  journal = {Proceedings of the National Academy of Sciences},
}

@Article{cappa2019influence,
  author = {Fabrizio Cappa and Marco Lombardini and Alberto Meriggi},
  title = {Influence of seasonality, environmental and anthropic factors on crop damage by wild boar Sus scrofa},
  date = {2019-11-8},
  volume = {68},
  number = {4},
  pages = {261},
  url = {http://dx.doi.org/10.25225/fozo.015.2019},
  doi = {10.25225/fozo.015.2019},
  issn = {0139-7893},
  score = {63.5873},
  journaltitle = {Folia Zoologica},
  year = {2021},
}

@Article{Carling_2003,
  doi = {10.1644/brb-116},
  url = {https://doi.org/10.1644/brb-116},
  year = {2003},
  month = {nov},
  publisher = {Oxford University Press ({OUP})},
  volume = {84},
  number = {4},
  pages = {1237--1243},
  author = {Matthew D. Carling and Patryce Avsharian Wiseman and John A. Byers},
  title = {{MICROSATELLITE} {ANALYSIS} {REVEALS} {MULTIPLE} {PATERNITY} {IN} A {POPULATION} {OF} {WILD} {PRONGHORN} {ANTELOPES} ({ANTILOCAPRA} {AMERICANA})},
  journal = {Journal of Mammalogy},
}

@Article{Cassinello_1995,
  doi = {10.1016/0168-1591(95)00583-e},
  url = {https://doi.org/10.1016/0168-1591(95)00583-e},
  year = {1995},
  month = {oct},
  publisher = {Elsevier {BV}},
  volume = {45},
  number = {1-2},
  pages = {175--180},
  author = {Jorge Cassinello},
  title = {Factors modifying female social ranks in Ammotragus},
  journal = {Applied Animal Behaviour Science},
}

@Article{Ceacero_2007,
  doi = {10.1111/j.1439-0310.2007.01427.x},
  url = {https://doi.org/10.1111/j.1439-0310.2007.01427.x},
  year = {2007},
  month = {dec},
  publisher = {Wiley},
  volume = {113},
  number = {12},
  pages = {1133--1140},
  author = {Francisco Ceacero and Tom{\a'a}s Landete-Castillejos and Andres J. Garc\'\ia and Jos{\a'e} A. Est{\a'e}vez and Laureano Gallego},
  title = {Kinship Discrimination and Effects on Social Rank and Aggressiveness Levels in Iberian Red Deer Hinds},
  journal = {Ethology},
}

@Article{Chepko_Sade_1979,
  doi = {10.1007/bf00293675},
  url = {https://doi.org/10.1007/bf00293675},
  year = {1979},
  publisher = {Springer Science and Business Media {LLC}},
  volume = {5},
  number = {3},
  pages = {263--278},
  author = {B. Diane Chepko-Sade and Thomas J. Olivier},
  title = {Coefficient of genetic relationship and the probability of intragenealogical fission in Macaca mulatta},
  journal = {Behavioral Ecology and Sociobiology},
}

@Article{Christenson_1978,
  doi = {10.1163/156853978x00495},
  url = {https://doi.org/10.1163/156853978x00495},
  year = {1978},
  publisher = {Brill},
  volume = {64},
  number = {1-2},
  pages = {158--171},
  author = {T.E. Christenson and B.J. Le Boeuf},
  title = {Aggression in the Female Northern Elephant Seal, Mirounga Angustirostris},
  journal = {Behaviour},
}

@Article{Clarke_1997,
  doi = {10.1098/rspb.1997.0137},
  url = {https://doi.org/10.1098/rspb.1997.0137},
  year = {1997},
  month = {jul},
  publisher = {The Royal Society},
  volume = {264},
  number = {1384},
  pages = {993--1000},
  author = {F. M. Clarke and C. G. Faulkes},
  title = {Dominance and queen succession in captive colonies of the eusocial naked mole{\textendash}rat,
		            Heterocephalus glaber},
  journal = {Proceedings of the Royal Society of London. Series B: Biological Sciences},
}

@Article{Correa_2013,
  doi = {10.1016/j.beproc.2013.05.003},
  url = {https://doi.org/10.1016/j.beproc.2013.05.003},
  year = {2013},
  month = {sep},
  publisher = {Elsevier {BV}},
  volume = {98},
  pages = {92--97},
  author = {Loreto A. Correa and Beatriz Zapata and Horacio Samaniego and Mauricio Soto-Gamboa},
  title = {Social structure in a family group of Guanaco (Lama guanicoe, Ungulate): Is female hierarchy based on `prior attributes' or `social dynamics'?},
  journal = {Behavioural Processes},
}

@Article{Creel_1994,
  doi = {10.1093/beheco/5.3.339},
  url = {https://doi.org/10.1093/beheco/5.3.339},
  year = {1994},
  publisher = {Oxford University Press ({OUP})},
  volume = {5},
  number = {3},
  pages = {339--348},
  author = {Scott R. Creel and Peter M. Waser},
  title = {Inclusive fitness and reproductive strategies in dwarf mongooses},
  journal = {Behavioral Ecology},
}

@Article{Creel_2005,
  doi = {10.1644/bhe-002.1},
  url = {https://doi.org/10.1644/bhe-002.1},
  year = {2005},
  month = {apr},
  publisher = {Oxford University Press ({OUP})},
  volume = {86},
  number = {2},
  pages = {255--264},
  author = {Scott Creel},
  title = {{DOMINANCE}, {AGGRESSION}, {AND} {GLUCOCORTICOID} {LEVELS} {IN} {SOCIAL} {CARNIVORES}},
  journal = {Journal of Mammalogy},
}

@Article{Dammann_2011,
  doi = {10.1371/journal.pone.0018757},
  url = {https://doi.org/10.1371/journal.pone.0018757},
  year = {2011},
  month = {apr},
  publisher = {Public Library of Science ({PLoS})},
  volume = {6},
  number = {4},
  pages = {e18757},
  author = {Philip Dammann and Radim {{\v S}umbera} and Christina Ma{\ss}mann and Andr{\a'e} Scherag and Hynek Burda},
  editor = {Gonzalo Garc\'\ia {de Polavieja}},
  title = {Extended Longevity of Reproductives Appears to be Common in Fukomys Mole-Rats (Rodentia, Bathyergidae)},
  journal = {{PLoS} {ONE}},
}

@Article{de_Luca_2001,
  doi = {10.1006/anbe.2000.1559},
  url = {https://doi.org/10.1006/anbe.2000.1559},
  year = {2001},
  month = {jan},
  publisher = {Elsevier {BV}},
  volume = {61},
  number = {1},
  pages = {17--30},
  author = {D.W. {de Luca} and J.R. Ginsberg},
  title = {Dominance, reproduction and survival in banded mongooses: towards an egalitarian social system?},
  journal = {Animal Behaviour},
}

@Article{de_Luca_2001a,
  title = {Dominance, reproduction and survival in banded mongooses: towards an egalitarian social system?},
  volume = {61},
  issn = {0003-3472},
  url = {http://dx.doi.org/10.1006/anbe.2000.1559},
  doi = {10.1006/anbe.2000.1559},
  number = {1},
  journal = {Animal Behaviour},
  publisher = {Elsevier BV},
  author = {D.W. {de Luca} and J.R. Ginsberg},
  year = {2001},
  month = {Jan},
  pages = {17â€“30},
}

@Article{De_Moor_2020,
  doi = {10.1093/beheco/arz213},
  url = {https://doi.org/10.1093/beheco/arz213},
  year = {2020},
  month = {jan},
  publisher = {Oxford University Press ({OUP})},
  volume = {31},
  number = {2},
  pages = {493--507},
  author = {Delphine De Moor and Christian Roos and Julia Ostner and Oliver Sch{\"u}lke},
  editor = {Louise Barrett},
  title = {Female Assamese macaques bias their affiliation to paternal and maternal kin},
  journal = {Behavioral Ecology},
}

@Article{DE_VRIES_2016,
  doi = {10.1111/1749-4877.12201},
  url = {https://doi.org/10.1111/1749-4877.12201},
  year = {2016},
  month = {nov},
  publisher = {Wiley},
  volume = {11},
  number = {6},
  pages = {433--446},
  author = {Dorien DE VRIES and Andreas KOENIG and Carola BORRIES},
  title = {Female reproductive success in a species with an age-inversed hierarchy},
  journal = {Integrative Zoology},
}

@Article{Dennehy_2001,
  doi = {10.1093/beheco/12.2.177},
  url = {https://doi.org/10.1093/beheco/12.2.177},
  year = {2001},
  month = {mar},
  publisher = {Oxford University Press ({OUP})},
  volume = {12},
  number = {2},
  pages = {177--181},
  author = {J. J. Dennehy},
  title = {Influence of social dominance rank on diet quality of pronghorn females},
  journal = {Behavioral Ecology},
}

@Article{Deutsch_1991,
  doi = {10.1007/bf02547673},
  url = {https://doi.org/10.1007/bf02547673},
  year = {1991},
  month = {dec},
  publisher = {Springer Science and Business Media {LLC}},
  volume = {12},
  number = {6},
  pages = {615--628},
  author = {James C. Deutsch and P. C. Lee},
  title = {Dominance and feeding competition in captive rhesus monkeys},
  journal = {International Journal of Primatology},
}

@Article{Digby_1995,
  doi = {10.1007/bf02382859},
  url = {https://doi.org/10.1007/bf02382859},
  year = {1995},
  month = {jul},
  publisher = {Springer Science and Business Media {LLC}},
  volume = {36},
  number = {3},
  pages = {361--375},
  author = {Leslie J. Digby},
  title = {Social organization in a wild population {ofCallithrix} jacchus: {II}. Intragroup social behavior},
  journal = {Primates},
}

@Article{Dittus_1986,
  doi = {10.1007/bf00300640},
  url = {https://doi.org/10.1007/bf00300640},
  year = {1986},
  month = {sep},
  publisher = {Springer Science and Business Media {LLC}},
  volume = {19},
  number = {4},
  pages = {257--266},
  author = {Wolfgang P. J. Dittus},
  title = {Sex differences in fitness following a group take-over among Toque macaques: testing models of social evolution},
  journal = {Behavioral Ecology and Sociobiology},
}

@Article{Djakovi__2011,
  doi = {10.1007/s10211-011-0121-x},
  url = {https://doi.org/10.1007/s10211-011-0121-x},
  year = {2011},
  month = {dec},
  publisher = {Springer Science and Business Media {LLC}},
  volume = {15},
  number = {2},
  pages = {165--171},
  author = {Nata{\v s}a Djakovi{\a'c} and {\O}ystein Holand and Anne Lene Hovland and Knut H. R{\o}ed and Robert B. Weladji and Espen Fjeldstad and Mauri Nieminen},
  title = {Association patterns and kinship in female reindeer (Rangifer tarandus) during rut},
  journal = {acta ethologica},
}

@Article{Dobly_2008,
  doi = {10.1007/s10164-008-0118-8},
  url = {https://doi.org/10.1007/s10164-008-0118-8},
  year = {2008},
  month = {oct},
  publisher = {Springer Science and Business Media {LLC}},
  volume = {27},
  number = {3},
  pages = {299--306},
  author = {Alexandre Dobly},
  title = {Breeding suppression between two unrelated and initially unfamiliar females occurs with or without social tolerance in common voles (Microtus arvalis)},
  journal = {Journal of Ethology},
}

@Article{Drickamer_1985,
  doi = {10.1037/0735-7036.99.4.411},
  url = {https://doi.org/10.1037/0735-7036.99.4.411},
  year = {1985},
  month = {dec},
  publisher = {American Psychological Association ({APA})},
  volume = {99},
  number = {4},
  pages = {411--419},
  author = {Lee C. Drickamer},
  title = {Social dominance, reproduction, and release of the maturation-delaying chemosignal in the urine of female house mice (Mus musculus).},
  journal = {Journal of Comparative Psychology},
}

@Article{Duboscq_2017,
  doi = {10.1016/j.anbehav.2016.11.010},
  url = {https://doi.org/10.1016/j.anbehav.2016.11.010},
  year = {2017},
  month = {jan},
  publisher = {Elsevier {BV}},
  volume = {123},
  pages = {411--426},
  author = {Julie Duboscq and Christof Neumann and Muhammad Agil and Dyah Perwitasari-Farajallah and Bernard Thierry and Antje Engelhardt},
  title = {Degrees of freedom in social bonds of crested macaque females},
  journal = {Animal Behaviour},
}

@Article{Dunbar_1980,
  doi = {10.1007/bf00300665},
  url = {https://doi.org/10.1007/bf00300665},
  year = {1980},
  month = {nov},
  publisher = {Springer Science and Business Media {LLC}},
  volume = {7},
  number = {4},
  pages = {253--265},
  author = {R. I. M. Dunbar},
  title = {Determinants and evolutionary consequences of dominance among female gelada baboons},
  journal = {Behavioral Ecology and Sociobiology},
}

@Article{Fairbanks_2011,
  doi = {10.1016/j.psyneuen.2011.02.013},
  url = {https://doi.org/10.1016/j.psyneuen.2011.02.013},
  year = {2011},
  month = {sep},
  publisher = {Elsevier {BV}},
  volume = {36},
  number = {8},
  pages = {1201--1208},
  author = {Lynn A. Fairbanks and Matthew J. Jorgensen and Julia N. Bailey and Sherry E. Breidenthal and Rachel Grzywa and Mark L. Laudenslager},
  title = {Heritability and genetic correlation of hair cortisol in vervet monkeys in low and higher stress environments},
  journal = {Psychoneuroendocrinology},
}

@Article{Fedigan_2010,
  doi = {10.1163/000579510x497283},
  url = {https://doi.org/10.1163/000579510x497283},
  year = {2010},
  publisher = {Brill},
  volume = {147},
  number = {7},
  pages = {899--931},
  author = {Linda Fedigan and Mackenzie Bergstrom},
  title = {Dominance among female white-faced capuchin monkeys (Cebus capucinus): hierarchical linearity, nepotism, strength and stability},
  journal = {Behaviour},
}

@Article{Festa_Bianchet_1991,
  doi = {10.1016/s0003-3472(05)80607-4},
  url = {https://doi.org/10.1016/s0003-3472(05)80607-4},
  year = {1991},
  month = {jul},
  publisher = {Elsevier {BV}},
  volume = {42},
  number = {1},
  pages = {71--82},
  author = {Marco Festa-Bianchet},
  title = {The social system of bighorn sheep: grouping patterns, kinship and female dominance rank},
  journal = {Animal Behaviour},
}

@Article{Fournier_1995,
  doi = {10.1016/0003-3472(95)90066-7},
  url = {https://doi.org/10.1016/0003-3472(95)90066-7},
  year = {1995},
  month = {jun},
  publisher = {Elsevier {BV}},
  volume = {49},
  number = {6},
  pages = {1449--1459},
  author = {Fran{\c c}ois Fournier and Marco Festa-Bianchet},
  title = {Social dominance in adult female mountain goats},
  journal = {Animal Behaviour},
}

@Article{Gaylard_1998,
  doi = {10.1111/j.1469-7998.1998.tb00035.x},
  url = {https://doi.org/10.1111/j.1469-7998.1998.tb00035.x},
  year = {1998},
  month = {mar},
  publisher = {Wiley},
  volume = {244},
  number = {3},
  pages = {313--321},
  author = {A. Gaylard and Y. Harrison and N. C. Bennett},
  title = {Temporal changes in the social structure of a captive colony of the Damaraland mole-rat, Cryptomys damarensis: the relationship of sex and age to dominance and burrow-maintenance activity},
  journal = {Journal of Zoology},
}

@Article{Gaylard_1998a,
  title = {Temporal changes in the social structure of a captive colony of the Damaraland mole-rat, Cryptomys damarensis: the relationship of sex and age to dominance and burrow-maintenance activity},
  volume = {244},
  issn = {1469-7998},
  url = {http://dx.doi.org/10.1111/j.1469-7998.1998.tb00035.x},
  doi = {10.1111/j.1469-7998.1998.tb00035.x},
  number = {3},
  journal = {Journal of Zoology},
  publisher = {Wiley},
  author = {A. Gaylard and Y. Harrison and N. C. Bennett},
  year = {1998},
  month = {Mar},
  pages = {313â€“321},
}

@Article{Gerlach_2002,
  doi = {10.1093/beheco/13.3.408},
  url = {https://doi.org/10.1093/beheco/13.3.408},
  year = {2002},
  month = {may},
  publisher = {Oxford University Press ({OUP})},
  volume = {13},
  number = {3},
  pages = {408--418},
  author = {G. Gerlach},
  title = {Reproductive skew, costs, and benefits of cooperative breeding in female wood mice (Apodemus sylvaticus)},
  journal = {Behavioral Ecology},
}

@Article{Girman_1997,
  doi = {10.1007/s002650050332},
  url = {https://doi.org/10.1007/s002650050332},
  year = {1997},
  month = {mar},
  publisher = {Springer Science and Business Media {LLC}},
  volume = {40},
  number = {3},
  pages = {187--198},
  author = {Derek J. Girman and M. G. L. Mills and Eli Geffen and Robert K. Wayne},
  title = {A molecular genetic analysis of social structure, dispersal, and interpack relationships of the African wild dog ( Lycaon pictus {\mkern1mu})},
  journal = {Behavioral Ecology and Sociobiology},
}

@Article{Goldizen_1996,
  doi = {10.1002/(sici)1098-2345(1996)38:1<57::aid-ajp6>3.0.co;2-s},
  url = {https://doi.org/10.1002/(sici)1098-2345(1996)38:1<57::aid-ajp6>3.0.co;2-s},
  year = {1996},
  publisher = {Wiley},
  volume = {38},
  number = {1},
  pages = {57--83},
  author = {A. W. Goldizen and J. Mendelson and M. {van Vlaardingen} and J. Terborgh},
  title = {Saddle-back tamarin (Saguinus fuscicollis) reproductive strategies: Evidence from a thirteen-year study of a marked population},
  journal = {American Journal of Primatology},
}

@Article{Greenberg_Cohen_2010,
  doi = {10.1111/j.1439-0310.1994.tb01072.x},
  url = {https://doi.org/10.1111/j.1439-0310.1994.tb01072.x},
  year = {2010},
  month = {apr},
  publisher = {Wiley},
  volume = {98},
  number = {3-4},
  pages = {210--220},
  author = {Dalia Greenberg-Cohen and Philip U. Alkon and Yoram Yom-Tov},
  title = {A Linear Dominance Hierarchy in Female Nubian Ibex},
  journal = {Ethology},
}

@Article{Griffin_2003,
  doi = {10.1093/beheco/arg040},
  url = {https://doi.org/10.1093/beheco/arg040},
  year = {2003},
  month = {jul},
  publisher = {Oxford University Press ({OUP})},
  volume = {14},
  number = {4},
  pages = {472--480},
  author = {A. S. Griffin},
  title = {A genetic analysis of breeding success in the cooperative meerkat (Suricata suricatta)},
  journal = {Behavioral Ecology},
}

@Article{Hackl_nder_2003,
  doi = {10.1006/anbe.2003.2159},
  url = {https://doi.org/10.1006/anbe.2003.2159},
  year = {2003},
  month = {jun},
  publisher = {Elsevier {BV}},
  volume = {65},
  number = {6},
  pages = {1133--1140},
  author = {Klaus Hackl{\"a}nder and Erich M{\"o}stl and Walter Arnold},
  title = {Reproductive suppression in female Alpine marmots, Marmota marmota},
  journal = {Animal Behaviour},
}

@Article{HALL_2010,
  doi = {10.1111/j.1439-0310.1983.tb01341.x},
  url = {https://doi.org/10.1111/j.1439-0310.1983.tb01341.x},
  year = {2010},
  month = {apr},
  publisher = {Wiley},
  volume = {61},
  number = {3},
  pages = {250--262},
  author = {MARION J. HALL},
  title = {Social Organization in an Enclosed Group of Red Deer (Cervus elaphus L.) on Rhum. I. The Dominance Hierarchy of Females and their Offspring},
  journal = {Zeitschrift fÃ¼r Tierpsychologie},
}

@Article{Hofer_2003,
  doi = {10.1023/a:1027352517231},
  url = {https://doi.org/10.1023/a:1027352517231},
  year = {2003},
  month = {jul},
  publisher = {Springer Science and Business Media {LLC}},
  volume = {17},
  number = {4},
  pages = {315--331},
  author = {Heribert Hofer and Marion L. East},
  title = {Behavioral processes and costs of co-existence in female spotted hyenas: a life history perspective},
  journal = {Evolutionary Ecology},
}

@Article{Hofer_2003a,
  title = {Behavioral processes and costs of co-existence in female spotted hyenas: a life history perspective},
  volume = {17},
  issn = {1573-8477},
  url = {http://dx.doi.org/10.1023/A:1027352517231},
  doi = {10.1023/a:1027352517231},
  number = {4},
  journal = {Evolutionary Ecology},
  publisher = {Springer Science and Business Media LLC},
  author = {Heribert Hofer and Marion L. East},
  year = {2003},
  month = {Jul},
  pages = {315â€“331},
}

@Article{Holand_2004,
  doi = {10.1017/s0952836904005382},
  url = {https://doi.org/10.1017/s0952836904005382},
  year = {2004},
  month = {aug},
  publisher = {Wiley},
  volume = {263},
  number = {4},
  pages = {365--372},
  author = {{\O} Holand and H. Gj{\o}stein and A. Losvar and J. Kumpula and M. E. Smith and K. H. R{\o}ed and M. Nieminen and R. B. Weladji},
  title = {Social rank in female reindeer (Rangifer tarandus): effects of body mass, antler size and age},
  journal = {Journal of Zoology},
}

@Article{HOLEKAMP_1991,
  doi = {10.1093/icb/31.2.306},
  url = {https://doi.org/10.1093/icb/31.2.306},
  year = {1991},
  month = {apr},
  publisher = {Oxford University Press ({OUP})},
  volume = {31},
  number = {2},
  pages = {306--317},
  author = {KAY E. HOLEKAMP and LAURA SMALE},
  title = {Dominance Acquisition During Mammalian Social Development: The {\textquotedblleft}Inheritance{\textquotedblright} of Maternal Rank},
  journal = {American Zoologist},
}

@Article{Huang_2011,
  doi = {10.1111/j.1439-0310.2011.01909.x},
  url = {https://doi.org/10.1111/j.1439-0310.2011.01909.x},
  year = {2011},
  month = {may},
  publisher = {Wiley},
  volume = {117},
  number = {7},
  pages = {573--585},
  author = {Brian Huang and Tina W. Wey and Daniel T. Blumstein},
  title = {Correlates and Consequences of Dominance in a Social Rodent},
  journal = {Ethology},
}

@Article{Huck_1988,
  doi = {10.1016/0031-9384(88)90031-5},
  url = {https://doi.org/10.1016/0031-9384(88)90031-5},
  year = {1988},
  month = {jan},
  publisher = {Elsevier {BV}},
  volume = {44},
  number = {3},
  pages = {313--319},
  author = {U.William Huck and Robert D. Lisk and Mary V. McKay},
  title = {Social dominance and reproductive success in pregnant and lactating golden hamsters (Mesocricetus auratus) under seminatural conditions},
  journal = {Physiology {\&} Behavior},
}

@Article{Iossa_2008,
  doi = {10.1093/beheco/arn149},
  url = {https://doi.org/10.1093/beheco/arn149},
  year = {2008},
  month = {dec},
  publisher = {Oxford University Press ({OUP})},
  volume = {20},
  number = {2},
  pages = {385--395},
  author = {Graziella Iossa and Carl D. Soulsbury and Philip J. Baker and Keith J. Edwards and Stephen Harris},
  title = {Behavioral changes associated with a population density decline in the facultatively social red fox},
  journal = {Behavioral Ecology},
}

@Article{Johnson_1987,
  doi = {10.1016/s0003-3472(87)80062-3},
  url = {https://doi.org/10.1016/s0003-3472(87)80062-3},
  year = {1987},
  month = {dec},
  publisher = {Elsevier {BV}},
  volume = {35},
  number = {6},
  pages = {1694--1708},
  author = {Julie A. Johnson},
  title = {Dominance rank in juvenile olive baboons, Papio anubis: the influence of gender, size, maternal rank and orphaning},
  journal = {Animal Behaviour},
}

@Article{Jones_1980,
  doi = {10.1007/bf02390468},
  url = {https://doi.org/10.1007/bf02390468},
  year = {1980},
  month = {jul},
  publisher = {Springer Science and Business Media {LLC}},
  volume = {21},
  number = {3},
  pages = {389--405},
  author = {Clara B. Jones},
  title = {The functions of status in the mantled howler monkey,Alouatta palliata Gray: Intraspecific competition for group membership in a folivorous neotropical primate},
  journal = {Primates},
}

@Article{K_mmerli_2008,
  doi = {10.1007/s10329-008-0100-7},
  url = {https://doi.org/10.1007/s10329-008-0100-7},
  year = {2008},
  month = {sep},
  publisher = {Springer Science and Business Media {LLC}},
  volume = {49},
  number = {4},
  pages = {271--282},
  author = {Rolf K{\"u}mmerli and Robert D. Martin},
  title = {Patterns of infant handling and relatedness in Barbary macaques (Macaca sylvanus) on Gibraltar},
  journal = {Primates},
}

@Article{K_nig_1994,
  doi = {10.1006/anbe.1994.1381},
  url = {https://doi.org/10.1006/anbe.1994.1381},
  year = {1994},
  month = {dec},
  publisher = {Elsevier {BV}},
  volume = {48},
  number = {6},
  pages = {1449--1457},
  author = {Barbara K{\"o}nig},
  title = {Fitness effects of communal rearing in house mice: the role of relatedness versus familiarity},
  journal = {Animal Behaviour},
}

@Article{Kinahan_2007,
  doi = {10.1007/s00265-007-0482-3},
  url = {https://doi.org/10.1007/s00265-007-0482-3},
  year = {2007},
  month = {sep},
  publisher = {Springer Science and Business Media {LLC}},
  volume = {62},
  number = {4},
  pages = {579--587},
  author = {Anouska A. Kinahan and Neville Pillay},
  title = {Dominance status influences female reproductive strategy in a territorial African rodent Rhabdomys pumilio},
  journal = {Behavioral Ecology and Sociobiology},
}

@Article{Klass_2015,
  doi = {10.1002/ajp.22481},
  url = {https://doi.org/10.1002/ajp.22481},
  year = {2015},
  month = {sep},
  publisher = {Wiley},
  volume = {77},
  number = {12},
  pages = {1299--1315},
  author = {Keren Klass and Marina Cords},
  title = {Agonism and dominance in female blue monkeys},
  journal = {American Journal of Primatology},
}

@Article{Knowles_2009,
  doi = {10.1644/08-mamm-a-298r1.1},
  url = {https://doi.org/10.1644/08-mamm-a-298r1.1},
  year = {2009},
  month = {dec},
  publisher = {Oxford University Press ({OUP})},
  volume = {90},
  number = {6},
  pages = {1381--1391},
  author = {James C. Knowles and Peter J. Van Coeverden {de Groot} and Ingrid Wiesel and Peter T. Boag},
  title = {Microsatellite Variation in Namibian Brown Hyenas (Hyaena brunnea): Population Structure and Mating System Implications},
  journal = {Journal of Mammalogy},
}

@Article{Koenig_2004,
  doi = {10.1002/ajp.20084},
  url = {https://doi.org/10.1002/ajp.20084},
  year = {2004},
  publisher = {Wiley},
  volume = {64},
  number = {3},
  pages = {351--357},
  author = {Andreas Koenig and Eileen Larney and Amy Lu and Carola Borries},
  title = {Agonistic behavior and dominance relationships in female phayre{\textquotesingle}s leaf monkeys - preliminary results},
  journal = {American Journal of Primatology},
}

@Article{Lardy_2013,
  doi = {10.1016/j.anbehav.2013.09.017},
  url = {https://doi.org/10.1016/j.anbehav.2013.09.017},
  year = {2013},
  month = {dec},
  publisher = {Elsevier {BV}},
  volume = {86},
  number = {6},
  pages = {1155--1163},
  author = {Sophie Lardy and Dominique Allai {\a'e} and Aur{\a'e}lie Cohas},
  title = {Intrasexual competition and female dominance in a singular breeding mammal, the Alpine marmot},
  journal = {Animal Behaviour},
}

@Article{Lawler_2003,
  doi = {10.1046/j.1365-294x.2003.01909.x},
  url = {https://doi.org/10.1046/j.1365-294x.2003.01909.x},
  year = {2003},
  month = {jul},
  publisher = {Wiley},
  volume = {12},
  number = {9},
  pages = {2307--2317},
  author = {Richard R. Lawler and Alison F. Richard and Margaret A. Riley},
  title = {Genetic population structure of the white sifaka (Propithecus verreauxi verreauxi) at Beza Mahafaly Special Reserve, southwest Madagascar (1992{\textendash}2001)},
  journal = {Molecular Ecology},
}

@Article{Lloyd_1994,
  doi = {10.1163/156853994x00253},
  url = {https://doi.org/10.1163/156853994x00253},
  year = {1994},
  publisher = {Brill},
  volume = {128},
  number = {3-4},
  pages = {169--188},
  author = {P.H. Lloyd and O.A.E. Rasa},
  title = {Incest Avoidance and Attainment of Dominance By Females in a Cape Mountain Zebra (Equus Zebra Zebra) Population},
  journal = {Behaviour},
}

@Article{LUKAS_2005,
  doi = {10.1111/j.1365-294x.2005.02560.x},
  url = {https://doi.org/10.1111/j.1365-294x.2005.02560.x},
  year = {2005},
  month = {apr},
  publisher = {Wiley},
  volume = {14},
  number = {7},
  pages = {2181--2196},
  author = {D. LUKAS and V. REYNOLDS and C. BOESCH and L. VIGILANT},
  title = {To what extent does living in a group mean living with kin?},
  journal = {Molecular Ecology},
}

@Article{Meikle_2010,
  doi = {10.1111/j.1439-0310.1996.tb01174.x},
  url = {https://doi.org/10.1111/j.1439-0310.1996.tb01174.x},
  year = {2010},
  month = {apr},
  publisher = {Wiley},
  volume = {102},
  number = {8},
  pages = {969--978},
  author = {Douglas B. Meikle and Lee C. Drickamer and Stephen H. Vessey and Robert D. Arthur and Thomas L. Rosenthal},
  title = {Dominance Rank and Parental Investment in Swine (Sus scrofa domesticus)},
  journal = {Ethology},
}

@Article{Metrione_2007,
  doi = {10.1002/zoo.20143},
  url = {https://doi.org/10.1002/zoo.20143},
  year = {2007},
  month = {jul},
  publisher = {Wiley},
  volume = {26},
  number = {6},
  pages = {487--502},
  author = {Lara C. Metrione and Linda M. Penfold and George H. Waring},
  title = {Social and spatial relationships in captive southern white rhinoceros (Ceratotherium simum simum)},
  journal = {Zoo Biology},
}

@Article{Metrione_2011,
  doi = {10.1016/j.ygcen.2011.02.010},
  url = {https://doi.org/10.1016/j.ygcen.2011.02.010},
  year = {2011},
  month = {may},
  publisher = {Elsevier {BV}},
  volume = {171},
  number = {3},
  pages = {283--292},
  author = {Lara C. Metrione and John D. Harder},
  title = {Fecal corticosterone concentrations and reproductive success in captive female southern white rhinoceros},
  journal = {General and Comparative Endocrinology},
}

@Article{Mitchell_1991,
  doi = {10.1007/bf00172139},
  url = {https://doi.org/10.1007/bf00172139},
  year = {1991},
  month = {jan},
  publisher = {Springer Science and Business Media {LLC}},
  volume = {28},
  number = {1},
  pages = {55--60},
  author = {Carol L. Mitchell and Sue Boinski and Carel P. {van Schaik}},
  title = {Competitive regimes and female bonding in two species of squirrel monkeys (Saimiri oerstedi and S. sciureus)},
  journal = {Behavioral Ecology and Sociobiology},
}

@Article{Morales_Pi_eyr_a_2014,
  doi = {10.1016/j.beproc.2014.03.004},
  url = {https://doi.org/10.1016/j.beproc.2014.03.004},
  year = {2014},
  month = {jun},
  publisher = {Elsevier {BV}},
  volume = {105},
  pages = {49--52},
  author = {J{\a'e}ssica Tatiana Morales-Pi{\~n}eyr{\a'u}a and Gabriel Ciappesoni and Rodolfo Ungerfeld},
  title = {Social rank and reproductive performance of pampas deer females (Ozotoceros bezoarticus, Linnaeus, 1758)},
  journal = {Behavioural Processes},
}

@Article{Nakagawa_2015,
  doi = {10.1086/679448},
  url = {https://doi.org/10.1086/679448},
  year = {2015},
  month = {feb},
  publisher = {University of Chicago Press},
  volume = {56},
  number = {1},
  pages = {104--120},
  author = {Naofumi Nakagawa and Miki Matsubara and Yukiko Shimooka and Mari Nishikawa},
  title = {Embracing in a Wild Group of Yakushima Macaques (Macaca fuscata yakui) as an Example of Social Customs},
  journal = {Current Anthropology},
}

@Article{Nelson_1986,
  doi = {10.1071/wr9860501},
  url = {https://doi.org/10.1071/wr9860501},
  year = {1986},
  publisher = {{CSIRO} Publishing},
  volume = {13},
  number = {4},
  pages = {501},
  author = {JE Nelson and A Goldstone},
  title = {Reproduction in Peradorcas-Concinna (Marsupialia, Macropodidae)},
  journal = {Wildlife Research},
}

@Article{Nichols_2012,
  doi = {10.1111/mec.12015},
  url = {https://doi.org/10.1111/mec.12015},
  year = {2012},
  month = {sep},
  publisher = {Wiley},
  volume = {21},
  number = {21},
  pages = {5348--5362},
  author = {Hazel J. Nichols and Neil R. Jordan and Gabriel A. Jamie and Michael A. Cant and Joseph I. Hoffman},
  title = {Fine-scale spatiotemporal patterns of genetic variation reflect budding dispersal coupled with strong natal philopatry in a cooperatively breeding mammal},
  journal = {Molecular Ecology},
}

@Article{NUSSEY_2005,
  doi = {10.1111/j.1365-294x.2005.02692.x},
  url = {https://doi.org/10.1111/j.1365-294x.2005.02692.x},
  year = {2005},
  month = {oct},
  publisher = {Wiley},
  volume = {14},
  number = {11},
  pages = {3395--3405},
  author = {D. H. NUSSEY and D. W. COLTMAN and T. COULSON and L. E. B. KRUUK and A. DONALD and S. J. MORRIS and T. H. CLUTTON-BROCK and J. PEMBERTON},
  title = {Rapidly declining fine-scale spatial genetic structure in female red deer},
  journal = {Molecular Ecology},
}

@Article{NUSSEY_2005a,
  title = {Rapidly declining fine-scale spatial genetic structure in female red deer},
  volume = {14},
  issn = {1365-294X},
  url = {http://dx.doi.org/10.1111/j.1365-294X.2005.02692.x},
  doi = {10.1111/j.1365-294x.2005.02692.x},
  number = {11},
  journal = {Molecular Ecology},
  publisher = {Wiley},
  author = {D. H. NUSSEY and D. W. COLTMAN and T. COULSON and L. E. B. KRUUK and A. DONALD and S. J. MORRIS and T. H. CLUTTON-BROCK and J. PEMBERTON},
  year = {2005},
  month = {Oct},
  pages = {3395â€“3405},
}

@Article{OWENS_1996,
  doi = {10.1006/anbe.1996.0058},
  url = {https://doi.org/10.1006/anbe.1996.0058},
  year = {1996},
  month = {mar},
  publisher = {Elsevier {BV}},
  volume = {51},
  number = {3},
  pages = {535--551},
  author = {DELIA OWENS and MARK OWENS},
  title = {Social dominance and reproductive patterns in brown hyaenas,Hyaena brunnea, of the central Kalahari desert},
  journal = {Animal Behaviour},
}

@Article{Packer_1995,
  doi = {10.1038/373060a0},
  url = {https://doi.org/10.1038/373060a0},
  year = {1995},
  month = {jan},
  publisher = {Springer Science and Business Media {LLC}},
  volume = {373},
  number = {6509},
  pages = {60--63},
  author = {Craig Packer and D. A. Collins and A. Sindimwo and J. Goodall},
  title = {Reproductive constraints on aggressive competition in female baboons},
  journal = {Nature},
}

@Article{Parga_2015,
  doi = {10.1159/000369386},
  url = {https://doi.org/10.1159/000369386},
  year = {2015},
  month = {may},
  publisher = {S. Karger {AG}},
  volume = {86},
  number = {1-2},
  pages = {66--75},
  author = {Joyce A. Parga and Michelle L. Sauther and Frank P. Cuozzo and Ibrahim Antho Youssouf Jacky and Lisa Gould and Robert W. Sussman and Richard R. Lawler and Jennifer Pastorini},
  title = {Genetic Evidence for Male and Female Dispersal in Wild $\less$b$\greater$$\less$i$\greater$Lemur catta$\less$/i$\greater$$\less$/b$\greater$},
  journal = {Folia Primatologica},
}

@Article{Parga_2015a,
  title = {Genetic Evidence for Male and Female Dispersal in Wild Lemur catta},
  volume = {86},
  issn = {1421-9980},
  url = {http://dx.doi.org/10.1159/000369386},
  doi = {10.1159/000369386},
  number = {1-2},
  journal = {Folia Primatologica},
  publisher = {S. Karger AG},
  author = {Joyce A. Parga and Michelle L. Sauther and Frank P. Cuozzo and Ibrahim Antho {Youssouf Jacky} and Lisa Gould and Robert W. Sussman and Richard R. Lawler and Jennifer Pastorini},
  year = {2015},
  month = {May},
  pages = {66â€“75},
}

@Article{Patil_2015,
  doi = {10.1371/journal.pone.0119081},
  url = {https://doi.org/10.1371/journal.pone.0119081},
  year = {2015},
  month = {mar},
  publisher = {Public Library of Science ({PLoS})},
  volume = {10},
  number = {3},
  pages = {e0119081},
  author = {Vijay P. Patil and Timothy J. Karels and David S. Hik},
  editor = {Jane M Waterman},
  title = {Ecological, Evolutionary and Social Constraints on Reproductive Effort: Are Hoary Marmots Really Biennial Breeders?},
  journal = {{PLOS} {ONE}},
}

@Article{Paul_1987,
  doi = {10.1007/bf00299970},
  url = {https://doi.org/10.1007/bf00299970},
  year = {1987},
  month = {nov},
  publisher = {Springer Science and Business Media {LLC}},
  volume = {21},
  number = {5},
  pages = {323--331},
  author = {Andreas Paul and Jutta Kuester},
  title = {Dominance, kinship and reproductive value in female Barbary macaques (Macaca sylvanus) at Affenberg Salem},
  journal = {Behavioral Ecology and Sociobiology},
}

@Article{Pratt_1989,
  doi = {10.1530/jrf.0.0870763},
  url = {https://doi.org/10.1530/jrf.0.0870763},
  year = {1989},
  month = {nov},
  publisher = {Bioscientifica},
  volume = {87},
  number = {2},
  pages = {763--769},
  author = {N. C. Pratt and R. D. Lisk},
  title = {Effects of social stress during early pregnancy on litter size and sex ratio in the golden hamster (Mesocricetus auratus)},
  journal = {Reproduction},
}

@Article{Randall_2007,
  doi = {10.1093/beheco/arm010},
  url = {https://doi.org/10.1093/beheco/arm010},
  year = {2007},
  month = {mar},
  publisher = {Oxford University Press ({OUP})},
  volume = {18},
  number = {3},
  pages = {579--589},
  author = {Deborah A. Randall and John P. Pollinger and Robert K. Wayne and Lucy A. Tallents and Paul J. Johnson and David W. Macdonald},
  title = {Inbreeding is reduced by female-biased dispersal and mating behavior in Ethiopian wolves},
  journal = {Behavioral Ecology},
}

@Article{Robbins_2005,
  doi = {10.1163/1568539054729123},
  url = {https://doi.org/10.1163/1568539054729123},
  year = {2005},
  publisher = {Brill},
  volume = {142},
  number = {6},
  pages = {779--809},
  author = {Martha M. Robbins and Netzin Gerald-Steklis and Andew M. Robbins and H. Dieter Steklis},
  title = {Long-term dominance relationships in female mountain gorillas: strength, stability and determinants of rank},
  journal = {Behaviour},
}

@Article{Rothe_2010,
  doi = {10.1111/j.1439-0310.1975.tb00880.x},
  url = {https://doi.org/10.1111/j.1439-0310.1975.tb00880.x},
  year = {2010},
  month = {apr},
  publisher = {Wiley},
  volume = {37},
  number = {3},
  pages = {255--273},
  author = {Hartmut Rothe},
  title = {Some Aspects of Sexuality and Reproduction in Groups of Captive Marmosets (Callithrix jacchus)},
  journal = {Zeitschrift fÃ¼r Tierpsychologie},
}

@Article{Ruiter_1998,
  doi = {10.1098/rspb.1998.0267},
  url = {https://doi.org/10.1098/rspb.1998.0267},
  year = {1998},
  month = {jan},
  publisher = {The Royal Society},
  volume = {265},
  number = {1391},
  pages = {79--87},
  author = {J.R.D Ruiter and E. Geffen},
  title = {Relatedness of matrilines, dispersing males and social groups in long{\textendash}tailed macaques (Macaca fascicularis)},
  journal = {Proceedings of the Royal Society of London. Series B: Biological Sciences},
}

@Article{Russell_2004,
  doi = {10.1111/j.0014-3820.2004.tb01739.x},
  url = {https://doi.org/10.1111/j.0014-3820.2004.tb01739.x},
  year = {2004},
  month = {jul},
  publisher = {Wiley},
  volume = {58},
  number = {7},
  pages = {1600--1607},
  author = {Andrew F. Russell and Anne A. Carlson and Grant M. McIlrath and Neil R. Jordan and Tim Clutton-Brock},
  title = {{ADAPTIVE} {SIZE} {MODIFICATION} {BY} {DOMINANT} {FEMALE} {MEERKATS}},
  journal = {Evolution},
}

@Article{Rusu_2004,
  doi = {10.1007/s00265-004-0787-4},
  url = {https://doi.org/10.1007/s00265-004-0787-4},
  year = {2004},
  month = {apr},
  publisher = {Springer Science and Business Media {LLC}},
  volume = {56},
  number = {3},
  author = {AlinaS. Rusu and Sven Krackow},
  title = {Kin-preferential cooperation, dominance-dependent reproductive skew, and competition for mates in communally nesting female house mice},
  journal = {Behavioral Ecology and Sociobiology},
}

@Article{Schultz_1993,
  doi = {10.1037/0735-7036.107.2.216},
  url = {https://doi.org/10.1037/0735-7036.107.2.216},
  year = {1993},
  publisher = {American Psychological Association ({APA})},
  volume = {107},
  number = {2},
  pages = {216--222},
  author = {Lori A. Schultz and Richard K. Lore},
  title = {Communal reproductive success in rats (Rattus norvegicus): Effects of group composition and prior social experience.},
  journal = {Journal of Comparative Psychology},
}

@Article{Shafer_2012,
  doi = {10.1890/11-0815.1},
  url = {https://doi.org/10.1890/11-0815.1},
  year = {2012},
  month = {jun},
  publisher = {Wiley},
  volume = {93},
  number = {6},
  pages = {1317--1329},
  author = {Aaron B. A. Shafer and Joseph M. Northrup and Kevin S. White and Mark S. Boyce and Steeve D. C{\^o} {\a'e} and David W. Coltman},
  title = {Habitat selection predicts genetic relatedness in an alpine ungulate},
  journal = {Ecology},
}

@Article{Silk_1999,
  doi = {10.1163/156853999501522},
  url = {https://doi.org/10.1163/156853999501522},
  year = {1999},
  publisher = {Brill},
  volume = {136},
  number = {6},
  pages = {679--703},
  author = {Joan Silk and Dorothy Cheney and Robert Seyfarth},
  title = {{THE} {STRUCTURE} {OF} {SOCIAL} {RELATIONSHIPS} {AMONG} {FEMALE} {SAVANNA} {BABOONS} {IN} {MOREMI} {RESERVE}, {BOTSWANA}},
  journal = {Behaviour},
}

@Article{Silk_1999a,
  title = {THE STRUCTURE OF SOCIAL RELATIONSHIPS AMONG FEMALE SAVANNA BABOONS IN MOREMI RESERVE, BOTSWANA},
  volume = {136},
  issn = {1568-539X},
  url = {http://dx.doi.org/10.1163/156853999501522},
  doi = {10.1163/156853999501522},
  number = {6},
  journal = {Behaviour},
  publisher = {Brill},
  author = {Joan Silk and Dorothy Cheney and Robert Seyfarth},
  year = {1999},
  pages = {679â€“703},
}

@Article{Snyder_Mackler_2014,
  doi = {10.1111/mec.12987},
  url = {https://doi.org/10.1111/mec.12987},
  year = {2014},
  month = {nov},
  publisher = {Wiley},
  volume = {23},
  number = {24},
  pages = {6179--6191},
  author = {Noah Snyder-Mackler and Susan C. Alberts and Thore J. Bergman},
  title = {The socio-genetics of a complex society: female gelada relatedness patterns mirror association patterns in a multilevel society},
  journal = {Molecular Ecology},
}

@Article{Sparkman_2010,
  doi = {10.1093/beheco/arq194},
  url = {https://doi.org/10.1093/beheco/arq194},
  year = {2010},
  month = {dec},
  publisher = {Oxford University Press ({OUP})},
  volume = {22},
  number = {1},
  pages = {199--205},
  author = {Amanda M. Sparkman and Jennifer R. Adams and Todd D. Steury and Lisette P. Waits and Dennis L. Murray},
  title = {Direct fitness benefits of delayed dispersal in the cooperatively breeding red wolf (Canis rufus)},
  journal = {Behavioral Ecology},
}

@Article{Spiering_2009,
  doi = {10.1007/s00265-009-0875-6},
  url = {https://doi.org/10.1007/s00265-009-0875-6},
  year = {2009},
  month = {nov},
  publisher = {Springer Science and Business Media {LLC}},
  volume = {64},
  number = {4},
  pages = {583--592},
  author = {Penny A. Spiering and Michael J. Somers and Jes{\a'u}s E. Maldonado and David E. Wildt and Micaela Szykman Gunther},
  title = {Reproductive sharing and proximate factors mediating cooperative breeding in the African wild dog (Lycaon pictus)},
  journal = {Behavioral Ecology and Sociobiology},
}

@Article{SURRIDGE_1999,
  doi = {10.1046/j.1365-294x.1999.00570.x},
  url = {https://doi.org/10.1046/j.1365-294x.1999.00570.x},
  year = {1999},
  month = {feb},
  publisher = {Wiley},
  volume = {8},
  number = {2},
  pages = {299--307},
  author = {A. K. SURRIDGE and K. M. IBRAHIM and D. J. BELL and N. J. WEBB and C. RICO and G. M. HEWITT},
  title = {Fine-scale genetic structuring in a natural population of European wild rabbits (Oryctolagus cuniculus)},
  journal = {Molecular Ecology},
}

@Article{Taylor_1985,
  doi = {10.1007/bf02692291},
  url = {https://doi.org/10.1007/bf02692291},
  year = {1985},
  month = {dec},
  publisher = {Springer Science and Business Media {LLC}},
  volume = {6},
  number = {6},
  pages = {601--614},
  author = {Linda Taylor and Robert W. Sussman},
  title = {A preliminary study of kinship and social organization in a semi-free-ranging group {ofLemur} catta},
  journal = {International Journal of Primatology},
}

@Article{Townsend_1981,
  doi = {10.2307/2425138},
  url = {https://doi.org/10.2307/2425138},
  year = {1981},
  month = {jul},
  publisher = {{JSTOR}},
  volume = {106},
  number = {1},
  pages = {92},
  author = {Thomas W. Townsend and Edward D. Bailey},
  title = {Effects of Age, Sex and Weight on Social Rank in Penned White-tailed Deer},
  journal = {American Midland Naturalist},
}

@Article{Van_Horn_2004,
  doi = {10.1046/j.1365-294x.2003.02071.x},
  url = {https://doi.org/10.1046/j.1365-294x.2003.02071.x},
  year = {2004},
  month = {jan},
  publisher = {Wiley},
  volume = {13},
  number = {2},
  pages = {449--458},
  author = {Russell C. Van Horn and Anne L. Engh and Kim T. Scribner and Stephan M. Funk and Kay E. Holekamp},
  title = {Behavioural structuring of relatedness in the spotted hyena (Crocuta crocuta) suggests direct fitness benefits of clan-level cooperation},
  journal = {Molecular Ecology},
}

@Article{Van_Horn_2004a,
  title = {Behavioural structuring of relatedness in the spotted hyena (Crocuta crocuta) suggests direct fitness benefits of clan-level cooperation},
  volume = {13},
  issn = {1365-294X},
  url = {http://dx.doi.org/10.1046/j.1365-294X.2003.02071.x},
  doi = {10.1046/j.1365-294x.2003.02071.x},
  number = {2},
  journal = {Molecular Ecology},
  publisher = {Wiley},
  author = {Russell C. {Van Horn} and Anne L. Engh and Kim T. Scribner and Stephan M. Funk and Kay E. Holekamp},
  year = {2004},
  month = {Jan},
  pages = {449â€“458},
}

@Article{Van_Horn_2007,
  doi = {10.1007/s00265-007-0415-1},
  url = {https://doi.org/10.1007/s00265-007-0415-1},
  year = {2007},
  month = {jun},
  publisher = {Springer Science and Business Media {LLC}},
  volume = {61},
  number = {12},
  pages = {1823--1837},
  author = {Russell C. Van Horn and Jason C. Buchan and Jeanne Altmann and Susan C. Alberts},
  title = {Divided destinies: group choice by female savannah baboons during social group fission},
  journal = {Behavioral Ecology and Sociobiology},
}

@Article{van_Noordwijk_1987,
  doi = {10.1016/s0003-3472(87)80284-1},
  url = {https://doi.org/10.1016/s0003-3472(87)80284-1},
  year = {1987},
  month = {apr},
  publisher = {Elsevier {BV}},
  volume = {35},
  number = {2},
  pages = {577--589},
  author = {Maria A. {van Noordwijk} and Carel P. {van Schaik}},
  title = {Competition among female long-tailed macaques, Macaca fascicularis},
  journal = {Animal Behaviour},
}

@Article{van_Noordwijk_1987a,
  title = {Competition among female long-tailed macaques, Macaca fascicularis},
  volume = {35},
  issn = {0003-3472},
  url = {http://dx.doi.org/10.1016/S0003-3472(87)80284-1},
  doi = {10.1016/s0003-3472(87)80284-1},
  number = {2},
  journal = {Animal Behaviour},
  publisher = {Elsevier BV},
  author = {Maria A. {van Noordwijk} and Carel P. {van Schaik}},
  year = {1987},
  month = {Apr},
  pages = {577â€“589},
}

@Article{Vervaecke_2005,
  doi = {10.1016/j.anbehav.2004.12.018},
  url = {https://doi.org/10.1016/j.anbehav.2004.12.018},
  year = {2005},
  month = {oct},
  publisher = {Elsevier {BV}},
  volume = {70},
  number = {4},
  pages = {763--770},
  author = {Hilde Vervaecke and Catherine Roden and Han {de Vries}},
  title = {Dominance, fatness and fitness in female American bison, Bison bison},
  journal = {Animal Behaviour},
}

@Article{Vigilant_2001,
  doi = {10.1073/pnas.231320498},
  url = {https://doi.org/10.1073/pnas.231320498},
  year = {2001},
  month = {oct},
  publisher = {Proceedings of the National Academy of Sciences},
  volume = {98},
  number = {23},
  pages = {12890--12895},
  author = {L. Vigilant and M. Hofreiter and H. Siedel and C. Boesch},
  title = {Paternity and relatedness in wild chimpanzee communities},
  journal = {Proceedings of the National Academy of Sciences},
}

@Article{Visser_2020,
  doi = {10.1139/cjz-2019-0154},
  url = {https://doi.org/10.1139/cjz-2019-0154},
  year = {2020},
  month = {aug},
  publisher = {Canadian Science Publishing},
  volume = {98},
  number = {8},
  pages = {557--571},
  author = {J.H. Visser and T.J. Robinson and B. Jansen {van Vuuren}},
  title = {Spatial genetic structure in the rock hyrax (Procavia capensis) across the Namaqualand and western Fynbos areas of South Africa {\textemdash} a mitochondrial and microsatellite perspective},
  journal = {Canadian Journal of Zoology},
}

@Article{von_Holst_2002,
  doi = {10.1007/s00265-001-0427-1},
  url = {https://doi.org/10.1007/s00265-001-0427-1},
  year = {2002},
  month = {feb},
  publisher = {Springer Science and Business Media {LLC}},
  volume = {51},
  number = {3},
  pages = {245--254},
  author = {Dietrich {von Holst} and Hans Hutzelmeyer and Paul Kaetzke and Martin Khaschei and Heiko R{\"o}del and Hannelore Schrutka},
  title = {Social rank, fecundity and lifetime reproductive success in wild European rabbits ( Oryctolagus cuniculus )},
  journal = {Behavioral Ecology and Sociobiology},
}

@Article{Wallace_1998,
  doi = {10.1111/j.1469-7998.1998.tb00006.x},
  url = {https://doi.org/10.1111/j.1469-7998.1998.tb00006.x},
  year = {1998},
  month = {jan},
  publisher = {Wiley},
  volume = {244},
  number = {1},
  pages = {51--61},
  author = {E. D. Wallace and N. C. Bennett},
  title = {The colony structure and social organization of the giant Zambian mole-rat, Cryptomys mechowi},
  journal = {Journal of Zoology},
}

@Article{Wasser_1988,
  doi = {10.1002/ajp.1350160202},
  url = {https://doi.org/10.1002/ajp.1350160202},
  year = {1988},
  publisher = {Wiley},
  volume = {16},
  number = {2},
  pages = {97--121},
  author = {Samuel K. Wasser and Alison K. Starling},
  title = {Proximate and ultimate causes of reproductive suppression among female yellow baboons at Mikumi National Park, Tanzania},
  journal = {American Journal of Primatology},
}

@Article{Watts_1994,
  doi = {10.1002/ajp.1350320103},
  url = {https://doi.org/10.1002/ajp.1350320103},
  year = {1994},
  publisher = {Wiley},
  volume = {32},
  number = {1},
  pages = {13--30},
  author = {David P. Watts},
  title = {Social relationships of immigrant and resident female mountain gorillas, {II}: Relatedness, residence, and relationships between females},
  journal = {American Journal of Primatology},
}

@Article{Wauters_1989,
  doi = {10.2307/4853},
  url = {https://doi.org/10.2307/4853},
  year = {1989},
  month = {jun},
  publisher = {{JSTOR}},
  volume = {58},
  number = {2},
  pages = {637},
  author = {Luc Wauters and Andre A. Dhondt},
  title = {Body Weight, Longevity and Reproductive Success in Red Squirrels (Sciurus vulgaris)},
  journal = {The Journal of Animal Ecology},
}

@Article{Wauters_1989a,
  title = {Body Weight, Longevity and Reproductive Success in Red Squirrels (Sciurus vulgaris)},
  volume = {58},
  issn = {0021-8790},
  url = {http://dx.doi.org/10.2307/4853},
  doi = {10.2307/4853},
  number = {2},
  journal = {The Journal of Animal Ecology},
  publisher = {JSTOR},
  author = {Luc Wauters and Andre A. Dhondt},
  year = {1989},
  month = {Jun},
  pages = {637},
}

@Article{Welker_1990,
  doi = {10.1159/000156440},
  url = {https://doi.org/10.1159/000156440},
  year = {1990},
  publisher = {S. Karger {AG}},
  volume = {54},
  number = {3-4},
  pages = {166--170},
  author = {C. Welker and H. H\&ouml$\mathsemicolon$hmann and C. Sch\&auml$\mathsemicolon$fer-Witt},
  title = {Significance of Kin Relations and Individual Preferences in the Social Behaviour of $\less$i$\greater$Cebus apella$\less$/i$\greater$},
  journal = {Folia Primatologica},
}

@Article{Wolff_2001,
  doi = {10.1016/s0376-6357(01)00176-0},
  url = {https://doi.org/10.1016/s0376-6357(01)00176-0},
  year = {2001},
  month = {sep},
  publisher = {Elsevier {BV}},
  volume = {55},
  number = {3},
  pages = {157--162},
  author = {Jerry O. Wolff and Aimee S. Dunlap and Elicia Ritchhart},
  title = {Adult female prairie voles and meadow voles do not suppress reproduction in their daughters},
  journal = {Behavioural Processes},
}

@Article{Ziporyn_1991,
  doi = {10.1163/156853991x00184},
  url = {https://doi.org/10.1163/156853991x00184},
  year = {1991},
  publisher = {Brill},
  volume = {118},
  number = {1-2},
  pages = {26--41},
  author = {Terra Ziporyn and Martha K. McClintock},
  title = {Passing as an Indicator of Social Dominance Among Female Wild and Domestic Norway Rats},
  journal = {Behaviour},
}
