@article{alexander1974evolution,
  title={The evolution of social behavior},
  author={Alexander, Richard D},
  journal={Annual review of ecology and systematics},
  volume={5},
  number={1},
  pages={325--383},
  year={1974},
  publisher={Annual Reviews 4139 El Camino Way, PO Box 10139, Palo Alto, CA 94303-0139, USA}
}


@article{bercovitch1991social,
  title={Social stratification, social strategies, and reproductive success in primates},
  author={Bercovitch, Fred B},
  journal={Ethology and Sociobiology},
  volume={12},
  number={4},
  pages={315--333},
  year={1991},
  publisher={Elsevier}
}

@article{botero2014environmental,
  title={Environmental harshness is positively correlated with intraspecific divergence in mammals and birds},
  author={Botero, Carlos A and Dor, Roi and McCain, Christy M and Safran, Rebecca J},
  journal={Molecular ecology},
  volume={23},
  number={2},
  pages={259--268},
  year={2014},
  publisher={Wiley Online Library}
}

@article{brown2002reconsidering,
  title={Reconsidering the null hypothesis: is maternal rank associated with birth sex ratios in primate groups?},
  author={Brown, Gillian R and Silk, Joan B},
  journal={Proceedings of the National Academy of Sciences},
  volume={99},
  number={17},
  pages={11252--11255},
  year={2002},
  publisher={National Acad Sciences}
}

@article{burgin2018many,
  title={How many species of mammals are there?},
  author={Burgin, Connor J and Colella, Jocelyn P and Kahn, Philip L and Upham, Nathan S},
  journal={Journal of Mammalogy},
  volume={99},
  number={1},
  pages={1--14},
  year={2018},
  publisher={Oxford University Press US}
}


@article{chamberlain2012does,
  title={Does phylogeny matter? Assessing the impact of phylogenetic information in ecological meta-analysis},
  author={Chamberlain, Scott A and Hovick, Stephen M and Dibble, Christopher J and Rasmussen, Nick L and Van Allen, Benjamin G and Maitner, Brian S and Ahern, Jeffrey R and Bell-Dereske, Lukas P and Roy, Christopher L and Meza-Lopez, Maria and others},
  journal={Ecology Letters},
  volume={15},
  number={6},
  pages={627--636},
  year={2012},
  publisher={Wiley Online Library}
}

@article{clutton2010adaptive,
  title={Adaptive suppression of subordinate reproduction in cooperative mammals},
  author={Clutton-Brock, Tim H and Hodge, Sarah J and Flower, Tom P and Spong, Goran F and Young, Andrew J},
  journal={The American Naturalist},
  volume={176},
  number={5},
  pages={664--673},
  year={2010},
  publisher={The University of Chicago Press}
}

@article{clutton2013social,
  title={Social competition and its consequences in female mammals},
  author={Clutton-Brock, T and Huchard, E},
  journal={Journal of Zoology},
  volume={289},
  number={3},
  pages={151--171},
  year={2013},
  publisher={Wiley Online Library}
}

@article{digby2006role,
  title={The role of competition in cooperatively breeding species},
  author={Digby, Leslie J and Ferrari, Stephen F and Saltzman, Wendy},
  journal={Primates in perspective. Oxford University Press, New York},
  pages={85--106},
  year={2006},
  publisher={Citeseer}
}

@article{drummond2012bayesian,
  title={Bayesian phylogenetics with BEAUti and the BEAST 1.7},
  author={Drummond, Alexei J and Suchard, Marc A and Xie, Dong and Rambaut, Andrew},
  journal={Molecular biology and evolution},
  volume={29},
  number={8},
  pages={1969--1973},
  year={2012},
  publisher={Oxford University Press}
}

@article{egger1997bias,
  title={Bias in meta-analysis detected by a simple, graphical test},
  author={Egger, Matthias and Smith, George Davey and Schneider, Martin and Minder, Christoph},
  journal={Bmj},
  volume={315},
  number={7109},
  pages={629--634},
  year={1997},
  publisher={British Medical Journal Publishing Group}
}

@article{ellis1995dominance,
  title={Dominance and reproductive success among nonhuman animals: a cross-species comparison},
  author={Ellis, Lee},
  journal={Ethology and sociobiology},
  volume={16},
  number={4},
  pages={257--333},
  year={1995},
  publisher={Elsevier}
}

@article{fedigan1983dominance,
  title={Dominance and reproductive success in primates},
  author={Fedigan, Linda Marie},
  journal={American Journal of Physical Anthropology},
  volume={26},
  number={S1},
  pages={91--129},
  year={1983},
  publisher={Wiley Online Library}
}

@article{fedigan2013sexual,
  title={Sexual conflict in white-faced capuchins},
  author={Fedigan, Linda Marie and Jack, Katharine M},
  journal={Evolution’s Empress, eds Fisher ML, Garcia JR (Oxford Univ Press, New York)},
  pages={281--303},
  year={2013}
}

@article{frank1986social,
  title={Social organization of the spotted hyaena Crocuta crocuta. II. Dominance and reproduction},
  author={Frank, Laurence G},
  journal={Animal Behaviour},
  volume={34},
  number={5},
  pages={1510--1527},
  year={1986},
  publisher={Elsevier}
}

@article{giles2015dominance,
  title={Dominance rank is associated with body condition in outdoor-living domestic horses (Equus caballus)},
  author={Giles, Sarah L and Nicol, Christine J and Harris, Patricia A and Rands, Sean A},
  journal={Applied animal behaviour science},
  volume={166},
  pages={71--79},
  year={2015},
  publisher={Elsevier}
}

@article{holekamp1991dominance,
  title={Dominance acquisition during mammalian social development: the “inheritance” of maternal rank},
  author={Holekamp, Kay E and Smale, Laura},
  journal={American Zoologist},
  volume={31},
  number={2},
  pages={306--317},
  year={1991},
  publisher={Oxford University Press UK}
}

@article{huchard2016competitive,
  title={Competitive growth in a cooperative mammal},
  author={Huchard, Elise and English, Sinead and Bell, Matt BV and Thavarajah, Nathan and Clutton-Brock, Tim},
  journal={Nature},
  volume={533},
  number={7604},
  pages={532--534},
  year={2016},
  publisher={Nature Publishing Group}
}

@article{jamieson1997testing,
  title={Testing reproductive skew models in a communally breeding bird, the pukeko, Porphyrio porphyrio},
  author={Jamieson, Ian G},
  journal={Proceedings of the Royal Society of London. Series B: Biological Sciences},
  volume={264},
  number={1380},
  pages={335--340},
  year={1997},
  publisher={The Royal Society}
}

@article{jones2009pantheria,
  title={PanTHERIA: a species-level database of life history, ecology, and geography of extant and recently extinct mammals: Ecological Archives E090-184},
  author={Jones, Kate E and Bielby, Jon and Cardillo, Marcel and Fritz, Susanne A and O'Dell, Justin and Orme, C David L and Safi, Kamran and Sechrest, Wes and Boakes, Elizabeth H and Carbone, Chris and others},
  journal={Ecology},
  volume={90},
  number={9},
  pages={2648--2648},
  year={2009},
  publisher={Wiley Online Library}
}

@book{kurz2019rethinking,
	title={Statistical Rethinking with brms, ggplot2, and the tidyverse},
author={Kurz, Solomon},year={2019},publisher={available at: https://solomonkurz.netlify.com/post/bayesian-meta-analysis/}
}

@article{lajeunesse2013recovering,
  title={Recovering missing or partial data from studies: a survey of conversions and imputations for meta-analysis},
  author={Lajeunesse, Marc J and Koricheva, J and Gurevitch, J and Mengersen, K},
  journal={Handbook of meta-analysis in ecology and evolution},
  pages={195--206},
  year={2013},
  publisher={Princeton University Press: Princeton, New Jersey}
}

@article{lakens2013calculating,
  title={Calculating and reporting effect sizes to facilitate cumulative science: a practical primer for t-tests and ANOVAs},
  author={Lakens, Dani{\"e}l},
  journal={Frontiers in psychology},
  volume={4},
  pages={863},
  year={2013},
  publisher={Frontiers}
}


@article{lukas2005extent,
  title={To what extent does living in a group mean living with kin?},
  author={Lukas, Dieter and Reynolds, Vernon and Boesch, Christophe and Vigilant, Linda},
  journal={Molecular Ecology},
  volume={14},
  number={7},
  pages={2181--2196},
  year={2005},
  publisher={Wiley Online Library}
}


@article{barsbai2021local,
  title={Local convergence of behavior across species},
  author={Barsbai, Toman and Lukas, Dieter and Pondorfer, Andreas},
  journal={Science},
  volume={371},
  number={6526},
  pages={292--295},
  year={2021},
  publisher={American Association for the Advancement of Science}
}




@article{lukas2014costs,
  title={Costs of mating competition limit male lifetime breeding success in polygynous mammals},
  author={Lukas, Dieter and Clutton-Brock, Tim},
  journal={Proceedings of the Royal Society B: Biological Sciences},
  volume={281},
  number={1786},
  pages={20140418},
  year={2014},
  publisher={The Royal Society}
}

@article{lukas2017climate,
  title={Climate and the distribution of cooperative breeding in mammals},
  author={Lukas, Dieter and Clutton-Brock, Tim},
  journal={Royal Society open science},
  volume={4},
  number={1},
  pages={160897},
  year={2017},
  publisher={The Royal Society Publishing}
}

@article{fortunato2019lineal,
  title={Lineal kinship organization in cross-specific perspective},
  author={Fortunato, Laura},
  journal={Philosophical Transactions of the Royal Society B},
  volume={374},
  number={1780},
  pages={20190005},
  year={2019},
  publisher={The Royal Society}
}


@article{lukas2018social,
  title={Social complexity and kinship in animal societies},
  author={Lukas, Dieter and Clutton-Brock, Tim},
  journal={Ecology letters},
  volume={21},
  number={8},
  pages={1129--1134},
  year={2018},
  publisher={Wiley Online Library}
}

@article{cheney2004factors,
  title={Factors affecting reproduction and mortality among baboons in the Okavango Delta, Botswana},
  author={Cheney, Dorothy L and Seyfarth, Robert M and Fischer, Julia and Beehner, J and Bergman, T and Johnson, SE and Kitchen, Dawn M and Palombit, RA and Rendall, D and Silk, Joan B},
  journal={International Journal of Primatology},
  volume={25},
  number={2},
  pages={401--428},
  year={2004},
  publisher={Springer}
}

@article{lukas2019evolution,
  title={The evolution of infanticide by females in mammals},
  author={Lukas, Dieter and Huchard, Elise},
  journal={Philosophical Transactions of the Royal Society B},
  volume={374},
  number={1780},
  pages={20180075},
  year={2019},
  publisher={The Royal Society}
}

@article{majolo2012fitness,
  title={Fitness-related benefits of dominance in primates},
  author={Majolo, Bonaventura and Lehmann, Julia and de Bortoli Vizioli, Aurora and Schino, Gabriele},
  journal={American journal of physical anthropology},
  volume={147},
  number={4},
  pages={652--660},
  year={2012},
  publisher={Wiley Online Library}
}

@book{mcelreath2020statistical,
  title={Statistical rethinking: A Bayesian course with examples in R and Stan},
  author={McElreath, Richard},
  year={2020},
  publisher={CRC press}
}

@article{nakagawa2012methodological,
  title={Methodological issues and advances in biological meta-analysis},
  author={Nakagawa, Shinichi and Santos, Eduardo SA},
  journal={Evolutionary Ecology},
  volume={26},
  number={5},
  pages={1253--1274},
  year={2012},
  publisher={Springer}
}

@article{pandit2003model,
  title={A model for leveling coalitions among primate males: toward a theory of egalitarianism},
  author={Pandit, Sagar A and van Schaik, Carel P},
  journal={Behavioral Ecology and Sociobiology},
  volume={55},
  number={2},
  pages={161--168},
  year={2003},
  publisher={Springer}
}

@article{paradis2019ape,
  title={ape 5.0: an environment for modern phylogenetics and evolutionary analyses in R},
  author={Paradis, Emmanuel and Schliep, Klaus},
  journal={Bioinformatics},
  volume={35},
  number={3},
  pages={526--528},
  year={2019},
  publisher={Oxford University Press}
}

@article{pusey2012magnitude,
  title={Magnitude and sources of variation in female reproductive performance},
  author={Pusey, Anne},
  journal={The evolution of primate societies},
  pages={343--366},
  year={2012},
  publisher={University of Chicago Press Chicago, IL}
}

@book{solomon1997cooperative,
  title={Cooperative breeding in mammals},
  author={Solomon, Nancy G and French, Jeffrey A and others},
  year={1997},
  publisher={Cambridge University Press}
}

@article{stockley2011female,
  title={Female competition and its evolutionary consequences in mammals},
  author={Stockley, Paula and Bro-J{\o}rgensen, Jakob},
  journal={Biological Reviews},
  volume={86},
  number={2},
  pages={341--366},
  year={2011},
  publisher={Wiley Online Library}
}

@article{thouless1986conflict,
  title={Conflict between red deer hinds: the winner always wins},
  author={Thouless, CR and Guinness, FE},
  journal={Animal Behaviour},
  volume={34},
  number={4},
  pages={1166--1171},
  year={1986},
  publisher={Elsevier}
}

@article{upham2019inferring,
  title={Inferring the mammal tree: Species-level sets of phylogenies for questions in ecology, evolution, and conservation},
  author={Upham, Nathan S and Esselstyn, Jacob A and Jetz, Walter},
  journal={PLoS Biology},
  volume={17},
  number={12},
  year={2019},
  publisher={Public Library of Science}
}

@article{van1988scramble,
  title={Scramble and contest in feeding competition among female long-tailed macaques (Macaca fascicularis)},
  author={Van Noordwijk, Maria A and Van Schaik, Carel P},
  journal={Behaviour},
  volume={105},
  number={1-2},
  pages={77--98},
  year={1988},
  publisher={Brill}
}

@article{vehrencamp1983model,
  title={A model for the evolution of despotic versus egalitarian societies},
  author={Vehrencamp, Sandra L},
  journal={Animal Behaviour},
  volume={31},
  number={3},
  pages={667--682},
  year={1983},
  publisher={Elsevier}
}

@article{viechtbauer2010conducting,
  title={Conducting meta-analyses in R with the metafor package},
  author={Viechtbauer, Wolfgang},
  journal={Journal of statistical software},
  volume={36},
  number={3},
  pages={1--48},
  year={2010},
  publisher={UCLA Statistics}
}

@book{ward2016sociality,
  title={Sociality: the behaviour of group-living animals},
  author={Ward, Ashley and Webster, Mike},
  year={2016},
  publisher={Springer}
}

@article{wilman2014eltontraits,
  title={EltonTraits 1.0: Species-level foraging attributes of the world's birds and mammals: Ecological Archives E095-178},
  author={Wilman, Hamish and Belmaker, Jonathan and Simpson, Jennifer and De La Rosa, Carolina and Rivadeneira, Marcelo M and Jetz, Walter},
  journal={Ecology},
  volume={95},
  number={7},
  pages={2027--2027},
  year={2014},
  publisher={Wiley Online Library}
}

@book{wilson2019calculator,
	title={Practical Meta-Analysis Effect Size Calculator [Online calculator].},
author={Wilson, D. B.},year={2019},publisher={retrieved from: hhttps:/www.campbellcollaboration.org/research-resources/research-for-resources/effect-size-calculator.html}
}

@article{west1967foundress,
  title={Foundress associations in polistine wasps: dominance hierarchies and the evolution of social behavior},
  author={West, Mary Jane},
  journal={Science},
  volume={157},
  number={3796},
  pages={1584--1585},
  year={1967},
  publisher={American Association for the Advancement of Science}
}

@book{williams1966adaptation,
  title={Adaptation and natural selection: a critique of some current evolutionary thought},
  author={Williams, George C},
  volume={833082108},
  year={1966},
  publisher={Princeton science library OCLC}
}

@article{lukas2014evolution,
  title={The evolution of infanticide by males in mammalian societies},
  author={Lukas, Dieter and Huchard, Elise},
  journal={Science},
  volume={346},
  number={6211},
  pages={841--844},
  year={2014},
  publisher={American Association for the Advancement of Science}
}


@article{nakagawa2021methods,
  title={Methods for testing publication bias in ecological and evolutionary meta-analyses},
  author={Nakagawa, Shinichi and Lagisz, Malgorzata and Jennions, Michael D and Koricheva, Julia and Noble, Daniel and Parker, Timothy H and S{\'a}nchez-T{\'o}jar, Alfredo and Yang, Yefeng and O'Dea, Rose E},
  year={2021},
  publisher={EcoEvoRxiv}
}


@article{preston2004adjusting,
  title={Adjusting for publication bias: modelling the selection process},
  author={Preston, Carrol and Ashby, Deborah and Smyth, Rosalind},
  journal={Journal of Evaluation in Clinical Practice},
  volume={10},
  number={2},
  pages={313--322},
  year={2004},
  publisher={Wiley Online Library}
}

@article{cavigelli2003female,
  title={Female dominance status and fecal corticoids in a cooperative breeder with low reproductive skew: ring-tailed lemurs (Lemur catta)},
  author={Cavigelli, SA and Dubovick, T and Levash, W and Jolly, A and Pitts, A},
  journal={Hormones and Behavior},
  volume={43},
  number={1},
  pages={166--179},
  year={2003},
  publisher={Elsevier}
}

@article{rubenstein2016discrete,
  title={Discrete but variable structure of animal societies leads to the false perception of a social continuum},
  author={Rubenstein, Dustin R and Botero, Carlos A and Lacey, Eileen A},
  journal={Royal Society open science},
  volume={3},
  number={5},
  pages={160147},
  year={2016},
  publisher={The Royal Society}
}

@article{lukas2012cooperative,
  title={Cooperative breeding and monogamy in mammalian societies},
  author={Lukas, Dieter and Clutton-Brock, Tim},
  journal={Proceedings of the Royal Society B: Biological Sciences},
  volume={279},
  number={1736},
  pages={2151--2156},
  year={2012},
  publisher={The Royal Society}
}


@article{cowlishaw1991dominance,
  title={Dominance rank and mating success in male primates},
  author={Cowlishaw, Guy and Dunbar, Robin IM},
  journal={Animal Behaviour},
  volume={41},
  number={6},
  pages={1045--1056},
  year={1991},
  publisher={Elsevier}
}

@article{holekamp2012society,
  title={Society, demography and genetic structure in the spotted hyena},
  author={Holekamp, Kay E and Smith, Jennifer E and Strelioff, Christopher C and Van Horn, Russell C and Watts, Heather E},
  journal={Molecular Ecology},
  volume={21},
  number={3},
  pages={613--632},
  year={2012},
  publisher={Wiley Online Library}
}

@article{pusey1997influence,
  title={The influence of dominance rank on the reproductive success of female chimpanzees},
  author={Pusey, Anne and Williams, Jennifer and Goodall, Jane},
  journal={science},
  volume={277},
  number={5327},
  pages={828--831},
  year={1997},
  publisher={American Association for the Advancement of Science}
}

@article{altmann2003variability,
  title={Variability in reproductive success viewed from a life-history perspective in baboons},
  author={Altmann, Jeanne and Alberts, Susan C},
  journal={American Journal of Human Biology},
  volume={15},
  number={3},
  pages={401--409},
  year={2003},
  publisher={Wiley Online Library}
}


@article{nakagawa2021orchard,
  title={The orchard plot: Cultivating a forest plot for use in ecology, evolution, and beyond},
  author={Nakagawa, Shinichi and Lagisz, Malgorzata and O'Dea, Rose E and Rutkowska, Joanna and Yang, Yefeng and Noble, Daniel WA and Senior, Alistair M},
  journal={Research Synthesis Methods},
  volume={12},
  number={1},
  pages={4--12},
  year={2021},
  publisher={Wiley Online Library}
}

@article{jarman1983mating,
  title={Mating system and sexual dimorphism in large terrestrial, mammalian herbivores},
  author={Jarman, Peter},
  journal={Biological Reviews},
  volume={58},
  number={4},
  pages={485--520},
  year={1983},
  publisher={Wiley Online Library}
}

@article{loison1999factors,
  title={What factors shape sexual size dimorphism in ungulates?},
  author={Loison, Anne and Gaillard, Jean-Michel and P{\'e}labon, Christophe and Yoccoz, Nigel Gilles},
  journal={Evolutionary Ecology Research},
  volume={1},
  number={5},
  pages={611--633},
  year={1999},
  publisher={Evolutionary Ecology, Ltd.}
}

@article{smith2002scaling,
  title={Scaling of sexual dimorphism in body mass: a phylogenetic analysis of Rensch's rule in primates},
  author={Smith, Richard J and Cheverud, James M},
  journal={International Journal of Primatology},
  volume={23},
  number={5},
  pages={1095--1135},
  year={2002},
  publisher={Springer}
}

@article{smith1999statistics,
  title={Statistics of sexual size dimorphism},
  author={Smith, Richard J},
  journal={Journal of Human Evolution},
  volume={36},
  number={4},
  pages={423--458},
  year={1999},
  publisher={Elsevier}
}

@article{isaac2005potential,
  title={Potential causes and life-history consequences of sexual size dimorphism in mammals},
  author={Isaac, Joanne L},
  journal={Mammal Review},
  volume={35},
  number={1},
  pages={101--115},
  year={2005},
  publisher={Wiley Online Library}
}

@article{kappeler2019evolutionary,
  title={Evolutionary dynamics of sexual size dimorphism in non-volant mammals following their independent colonization of Madagascar},
  author={Kappeler, Peter M and Nunn, Charles L and Vining, Alexander Q and Goodman, Steven M},
  journal={Scientific reports},
  volume={9},
  number={1},
  pages={1--14},
  year={2019},
  publisher={Nature Publishing Group}
}

@article{balasubramaniam2012hierarchical,
  title={Hierarchical steepness, counter-aggression, and macaque social style scale},
  author={Balasubramaniam, Krishna N and Dittmar, Katharina and Berman, Carol M and Butovskaya, Marina and Cooper, Mathew A and Majolo, Bonaventura and Ogawa, Hideshi and Schino, Gabriele and Thierry, Bernard and De Waal, Frans BM},
  journal={American journal of primatology},
  volume={74},
  number={10},
  pages={915--925},
  year={2012},
  publisher={Wiley Online Library}
}

@article{swedell2014sexual,
  title={Sexual conflict in a polygynous primate: costs and benefits of a male-imposed mating system},
  author={Swedell, Larissa and Leedom, Liane and Saunders, Julian and Pines, Mathew},
  journal={Behavioral ecology and sociobiology},
  volume={68},
  number={2},
  pages={263--273},
  year={2014},
  publisher={Springer}
}

@article{snyder2018pluck,
  title={Pluck or luck: does trait variation or chance drive variation in lifetime reproductive success?},
  author={Snyder, Robin E and Ellner, Stephen P},
  journal={The American Naturalist},
  volume={191},
  number={4},
  pages={E90--E107},
  year={2018},
  publisher={University of Chicago Press Chicago, IL}
}

@article{lewontin1969population,
  title={On population growth in a randomly varying environment},
  author={Lewontin, Richard C and Cohen, Daniel},
  journal={Proceedings of the National Academy of sciences},
  volume={62},
  number={4},
  pages={1056--1060},
  year={1969},
  publisher={National Acad Sciences}
}

@article{lea2014complex,
  title={Complex sources of variance in female dominance rank in a nepotistic society},
  author={Lea, Amanda J and Learn, Niki H and Theus, Marcus J and Altmann, Jeanne and Alberts, Susan C},
  journal={Animal behaviour},
  volume={94},
  pages={87--99},
  year={2014},
  publisher={Elsevier}
}

@article{bergstrom2010dominance,
  title={Dominance among female white-faced capuchin monkeys (Cebus capucinus): hierarchical linearity, nepotism, strength and stability},
  author={Bergstrom, Mackenzie L and Fedigan, Linda M},
  journal={Behaviour},
  pages={899--931},
  year={2010},
  publisher={JSTOR}
}

@article{datta1988acquisition,
  title={The acquisition of dominance among free-ranging rhesus monkey siblings},
  author={Datta, Saroj},
  journal={Animal behaviour},
  volume={36},
  number={3},
  pages={754--772},
  year={1988},
  publisher={Elsevier}
}

@article{cameron2009social,
  title={Social bonds between unrelated females increase reproductive success in feral horses},
  author={Cameron, Elissa Z and Setsaas, Trine H and Linklater, Wayne L},
  journal={Proceedings of the National Academy of Sciences},
  volume={106},
  number={33},
  pages={13850--13853},
  year={2009},
  publisher={National Acad Sciences}
}

@article{nievergelt2000genetic,
  title={Genetic analysis of group composition and breeding system in a wild common marmoset (Callithrix jacchus) population},
  author={Nievergelt, Caroline M and Digby, Leslie J and Ramakrishnan, Uma and Woodruff, David S},
  journal={International Journal of Primatology},
  volume={21},
  number={1},
  pages={1--20},
  year={2000},
  publisher={Springer}
}

@phdthesis{larney2013influence,
  title={The influence of genetic and social structure on reproduction in Phayre's leaf monkeys (Trachypithecus phayrei crepusculus)},
  author={Larney, Eileen},
  year={2013},
  school={State University of New York at Stony Brook}
}

@phdthesis{kubzdela1998sociodemography,
  title={Sociodemography in diurnal primates: The effects of group size and female dominance rank on intragroup spatial distribution, feeding competition, female reproductive success, and female dispersal patterns in white sifaka, Propithecus verreauxi verreauxi.},
  author={Kubzdela, Katarzyna Stefania},
  year={1998},
school="University of Chicago"
}

@phdthesis{visser2013gene,
  title={Gene-flow in the rock hyrax (Procavia capensis) at different spatial scales},
  author={Visser, Jacobus Hendrik},
  year={2013},
  school={Stellenbosch: Stellenbosch University}
}

@phdthesis{kopp2015gene,
  title={Gene flow dynamics in Baboons-The influence of social systems},
  author={Kopp, Gisela},
  year={2015},
  school={Göttingen University}
}

@phdthesis{lynch2016paternal,
  title={Paternal kinship in a matrilocal society of olive baboons (Papio hamadryas anubis) in Laikipia District, Kenya},
  author={Lynch, Emily Claire},
  year={2016},
  school={Rutgers The State University of New Jersey-New Brunswick}
}

@article{frank1995dominance,
  title={Dominance, demography, and reproductive success of female spotted hyenas},
  author={Frank, Laurence G and Holekamp, Kay E and Smale, Laura},
  journal={Serengeti II: dynamics, management, and conservation of an ecosystem},
  pages={364--384},
  year={1995},
  publisher={University of Chicago Press Chicago, Illinois}
}

@book{byers1997american,
  title={American pronghorn: social adaptations and the ghosts of predators past},
  author={Byers, John A},
  year={1997},
  publisher={University of Chicago Press}
}

@article{gese2004coyotes,
  title={Coyotes in Yellowstone National Park: the influence of dominance on foraging, territoriality, and fitness},
  author={Gese, Eric M},
  journal={Biology and conservation of wild canids. Oxford University Press, New York, New York, USA},
  pages={271--283},
  year={2004}
}

@phdthesis{sinderbrand2011relationship,
  title={The Relationship of Dominance, Reproductive State and Stress in a Non-Cooperative Breeder, The Domestic Horse (Equus caballus)},
  author={Sinderbrand, Carly Anne},
  year={2011},
school={Western Kentucky University}
}

@phdthesis{furtbauer2011socio,
  title={The socio-endocrinology of female reproductive strategies in wild Assamese macaques (Macaca assamensis)},
  author={F{\"u}rtbauer, Ines},
  year={2011},
school={Göttingen University}
}

@phdthesis{van1980habitat,
  title={Habitat preferences, diet, feeding strategy and social organization of the black spider monkey (Ateles paniscus paniscus Linnaeus 1758) in Surinam},
  author={van Roosmalen, Marc GM},
  year={1980},
  school={Roosmalen}
}

@article{smith2001multiple,
  title={Multiple breeding females and allo-nursing in a wild group of moustached tamarins (Saguinus mystax)},
  author={Smith, Andrew C and Tirado Herrera, ER and Buchanan-Smith, Hannah M and Heymann, Eckhard W},
  journal={Neotropical Primates},
  volume={9},
  number={2},
  pages={67--69},
  year={2001}
}

@article{koyama2003matrilineal,
  title={Matrilineal cohesion and social networks in Macaca fuscata},
  author={Koyama, Nicola F},
  journal={International Journal of Primatology},
  volume={24},
  number={4},
  pages={797--811},
  year={2003},
  publisher={Springer}
}

@article{wittig2003food,
  title={Food competition and linear dominance hierarchy among female chimpanzees of the Tai National Park},
  author={Wittig, Roman M and Boesch, Christophe},
  journal={International Journal of Primatology},
  volume={24},
  number={4},
  pages={847--867},
  year={2003},
  publisher={Springer}
}


@article{setchell2002reproductive,
  title={Reproductive parameters and maternal investment in mandrills (Mandrillus sphinx)},
  author={Setchell, Joanna M and Lee, Phyllis C and Wickings, E Jean and Dixson, Alan F},
  journal={International Journal of Primatology},
  volume={23},
  number={1},
  pages={51--68},
  year={2002},
  publisher={Springer}
}

@article{santiago2003seasonal,
  title={Seasonal ovulatory activity and plasma prolactin concentrations in the Spanish ibex (Capra pyrenaica hispanica) maintained in captivity},
  author={Santiago-Moreno, Juli{\'a}n and G{\'o}mez-Brunet, Amelia and Gonz{\'a}lez-Bulnes, Antonio and Malpaux, Benoit and Chemineau, Philippe and Pulido-Pastor, Antonio and L{\'o}pez-Sebasti{\'a}n, Antonio},
  journal={Reproduction Nutrition Development},
  volume={43},
  number={3},
  pages={217--224},
  year={2003},
  publisher={EDP Sciences}
}

@article{gaillard1993body,
  title={Body weight effect on reproduction of young wild boar (Sus scrofa) females: a comparative analysis},
  author={Gaillard, J-M and Brandt, Serge and Jullien, J-M},
  journal={Folia zoologica (Brno)},
  volume={42},
  number={3},
  pages={204--212},
  year={1993}
}

@article{isbell1998differences,
  title={Differences between vervets (Cercopithecus aethiops) and patas monkeys (Erythrocebus patas) in agonistic interactions between adult females},
  author={Isbell, Lynne A and Pruetz, Jill D},
  journal={International Journal of Primatology},
  volume={19},
  number={5},
  pages={837--855},
  year={1998},
  publisher={Springer}
}

@inbook{cheney1988vervet,
  author    = "Cheney, D. L., R. M. Seyfarth, S. J. Andelman, and P. C. Lee",
  title     = "Reproductive success in vervet monkeys",
  booktitle     = "Reproductive success: Studies of individual variation in contrasting breeding systems",
  publisher = "Princeton University Press",
  year      = "1988",
  editor    = "Clutton-Brock, T. H.",
  pages     = "384-402"
}

@inbook{altmann1988baboons,
  author    = "Altmann, J., Hausfater, G., Altmann, S. A.",
  title     = "Determinants of reproductive success in savannah baboons, Papio cynocephalus",
  booktitle     = "Reproductive success: Studies of individual variation in contrasting breeding systems",
  publisher = "Princeton University Press",
  year      = "1988",
  editor    = "Clutton-Brock, T. H.",
  pages     = "403-418"
}

@inbook{altmann2003offspring,
  author    = "Altmann J, Alberts SC",
  title     = "Intraspecific Variability in Fertility and Offspring Survival in a Nonhuman Primate: Behavioral Control of Ecological and Social Sources",
  booktitle     = "Offspring: Human Fertility Behavior in Biodemographic Perspective",
  publisher = "ashington (DC): National Academies Press (US)",
  year      = "2003",
  editor    = "Wachter KW, Bulatao RA",
  pages     = "6"
}

@inbook{altmann2003offspring,
  author    = "Altmann J, Alberts SC",
  Title     = "Intraspecific Variability in Fertility and Offspring Survival in a Nonhuman Primate: Behavioral Control of Ecological and Social Sources",
  booktitle     = "Offspring: Human Fertility Behavior in Biodemographic Perspective",
  publisher = "ashington (DC): National Academies Press (US)",
  year      = "2003",
  editor    = "Wachter KW, Bulatao RA",
  pages     = "6"
}

@article{isbell1998differences,
  title={Differences between vervets (Cercopithecus aethiops) and patas monkeys (Erythrocebus patas) in agonistic interactions between adult females},
  author={Isbell, Lynne A and Pruetz, Jill D},
  journal={International Journal of Primatology},
  volume={19},
  number={5},
  pages={837--855},
  year={1998},
  publisher={Springer}
}

@article{baniel2021exploring,
  title={Exploring environmental and social predictors of reproductive pace in a desert-dwelling baboon },
  author={Baniel A, Carter AJ, Huchard E, Lee AEG, Marshall HH, Raby CL, Cowlishaw G},
  booktitle={Reproductive success},
  year={in press}
}

@incollection{paul1996differential,
  title={Differential reproduction in male and female Barbary macaques},
  author={Paul, A., Kuester, J.},
  booktitle={Evolution and ecology of macaque societies},
editor={Fa J.E., Lindburg D.G.},
  pages={293--317},
  year={1996},
  publisher={Cambridge University Press}
}

@incollection{cheney2006reproduction,
  title={Reproduction, mortality, and female reproductive success in chacma baboons of the Okavango Delta, Botswana},
  author={Cheney, Dorothy L and Seyfarth, Robert M and Fischer, Julia and Beehner, Jacinta C and Bergman, Thore J and Johnson, Sara E and Kitchen, Dawn M and Palombit, Ryne A and Rendall, Drew and Silk, Joan B},
  booktitle={Reproduction and fitness in baboons: Behavioral, ecological, and life history perspectives},
  pages={147--176},
  year={2006},
  publisher={Springer}
}

@article{rubenstein2009sociality,
  title={Sociality and reproductive skew in horses and zebras},
  author={Rubenstein, Daniel I and Nu{\~n}ez, CASSANDRA M},
  journal={Reproductive skew in vertebrates: Proximate and ultimate causes},
  pages={196--226},
  year={2009},
  publisher={Cambridge University Press Cambridge}
}

@article{busse1982social,
  title={Social dominance and offspring mortality among female chacma baboons},
  author={Busse, C},
  journal={Int J Primatol},
  volume={3},
  pages={267},
  year={1982}
}

@article{di2001reproductive,
  title={Reproductive socioecology of tufted capuchins (Cebus apella nigritus) in northeastern Argentina},
  author={Di Bitetti, Mario S and Janson, Charles H},
  journal={International Journal of Primatology},
  volume={22},
  number={2},
  pages={127--142},
  year={2001},
  publisher={Springer}
}

@article{whitten1983diet,
  title={Diet and dominance among female vervet monkeys (Cercopithecus aethiops)},
  author={Whitten, Patricia L},
  journal={American Journal of Primatology},
  volume={5},
  number={2},
  pages={139--159},
  year={1983},
  publisher={Wiley Online Library}
}

@incollection{baker2002liontamarins,
  title={Mating system and group dynamics in lion tamarins},
  author={Baker AJ, Bales K, Dietz JM},
  booktitle={Lion Tamarins: Biology and Conservation},
  pages={188--212},
editor={Kleiman DG, Rylands AB},
  year={2002},
  publisher={Washington, Smithsonian Institution Press}
}


@Article{_rov__2013,
  doi = {10.1016/j.anbehav.2013.10.002},
  url = {https://doi.org/10.1016/j.anbehav.2013.10.002},
  year = {2013},
  month = {dec},
  publisher = {Elsevier {BV}},
  volume = {86},
  number = {6},
  pages = {1315--1323},
  author = {Radka {\v S}{\a'a}ro {\a'a} and Marek {{\v S}pinka} and Ilona St{\v e}hulo {\a'a} and Francisco Ceacero and Marie {\v S}ime{\v c}ko {\a'a} and Radim Kotrba},
  title = {Pay respect to the elders: age, more than body mass, determines dominance in female beef cattle},
  journal = {Animal Behaviour},
}

@Article{_rov__2017,
  doi = {10.2527/jas.2017.1415},
  url = {https://doi.org/10.2527/jas.2017.1415},
  year = {2017},
  month = {aug},
  publisher = {Oxford University Press ({OUP})},
  volume = {95},
  number = {8},
  pages = {3301--3309},
  author = {R. {\v S}{\a'a}ro {\a'a} and M. {{\v S}pinka} and F. Ceacero},
  title = {Higher dominance position does not result in higher reproductive success in female beef cattle1,2},
  journal = {Journal of Animal Science},
}

@Article{_rov__2017a,
  title = {Higher dominance position does not result in higher reproductive success in female beef cattle1,2},
  volume = {95},
  issn = {1525-3163},
  url = {http://dx.doi.org/10.2527/jas.2017.1415},
  doi = {10.2527/jas.2017.1415},
  number = {8},
  journal = {Journal of Animal Science},
  publisher = {Oxford University Press (OUP)},
  author = {R. {{\v S}{\a'a}rov{\a'a}} and M. {{\v S}pinka} and F. Ceacero},
  year = {2017},
  month = {Aug},
  pages = {3301–3309},
}

@Article{2020publisher,
  author = {?},
  title = {Publisher Correction to: 10.1007/s00138-020-01059-4; 10.1007/s00138-020-01057-6; 10.1007/s00138-020-01058-5; 10.1007/s00138-020-01060-x; 10.1007/s00138-019-01054-4; 10.1007/s00138-019-01056-2; 10.1007/s00138-019-01053-5; 10.1007/s00138-019-01055-3; 10.1007/s00138-019-01052-6; 10.1007/s00138-019-01051-7; 10.1007/s00138-019-01050-8},
  date = {2020-2-01},
  volume = {31},
  number = {1-2},
  url = {http://dx.doi.org/10.1007/s00138-020-01066-5},
  doi = {10.1007/s00138-020-01066-5},
  issn = {0932-8092},
  license = {tdm},
  score = {15.873772},
  journaltitle = {Machine Vision and Applications},
  year = {2021},
}

@Article{Abbott_1981,
  doi = {10.1530/jrf.0.0630335},
  url = {https://doi.org/10.1530/jrf.0.0630335},
  year = {1981},
  month = {nov},
  publisher = {Bioscientifica},
  volume = {63},
  number = {2},
  pages = {335--345},
  author = {D. H. Abbott and A. S. McNeilly and S. F. Lunn and M. J. Hulme and F. J. Burden},
  title = {Inhibition of ovarian function in subordinate female marmoset monkeys (Callithrix jacchus jacchus)},
  journal = {Reproduction},
}

@Article{Abbott_1987,
  doi = {10.1111/j.1469-7998.1987.tb03720.x},
  url = {https://doi.org/10.1111/j.1469-7998.1987.tb03720.x},
  year = {1987},
  month = {nov},
  publisher = {Wiley},
  volume = {213},
  number = {3},
  pages = {455--470},
  author = {David H. Abbott},
  title = {Behaviourally mediated suppression of reproduction in female primates},
  journal = {Journal of Zoology},
}

@Article{Alados_1992,
  doi = {10.1080/08927014.1992.9525336},
  url = {https://doi.org/10.1080/08927014.1992.9525336},
  year = {1992},
  month = {apr},
  publisher = {Informa {UK} Limited},
  volume = {4},
  number = {2},
  pages = {151--164},
  author = {C.L. Alados and J.M. Esc{\a'o}s},
  title = {The determinants of social status and the effect of female rank on reproductive success in Dama and Cuvier{\textquotesingle}s gazelles},
  journal = {Ethology Ecology {\&} Evolution},
}

@Article{Alados_1992a,
  title = {The determinants of social status and the effect of female rank on reproductive success in Dama and Cuvier’s gazelles},
  volume = {4},
  issn = {1828-7131},
  url = {http://dx.doi.org/10.1080/08927014.1992.9525336},
  doi = {10.1080/08927014.1992.9525336},
  number = {2},
  journal = {Ethology Ecology & Evolution},
  publisher = {Informa UK Limited},
  author = {C.L. Alados and J.M. Esc{\a'o}s},
  year = {1992},
  month = {Apr},
  pages = {151–164},
}

@Article{alados1992determinants,
  author = {C.L. Alados and J.M. Esc{\a'o}s},
  title = {The determinants of social status and the effect of female rank on reproductive success in Dama and Cuvier's gazelles},
  date = {1992-4-01},
  volume = {4},
  number = {2},
  pages = {151-164},
  url = {http://dx.doi.org/10.1080/08927014.1992.9525336},
  doi = {10.1080/08927014.1992.9525336},
  issn = {0394-9370},
  score = {15.850094},
  journaltitle = {Ethology Ecology & Evolution},
  year = {2021},
}

@Article{alados1992determinantsa,
  author = {C.L. Alados and J.M. Esc{\a'o}s},
  title = {The determinants of social status and the effect of female rank on reproductive success in Dama and Cuvier's gazelles},
  date = {1992-4-01},
  volume = {4},
  number = {2},
  pages = {151-164},
  url = {http://dx.doi.org/10.1080/08927014.1992.9525336},
  doi = {10.1080/08927014.1992.9525336},
  issn = {0394-9370},
  score = {15.889662},
  journaltitle = {Ethology Ecology & Evolution},
  year = {2021},
}

@Article{Anderson_1979,
  doi = {10.1258/002367779780937834},
  url = {https://doi.org/10.1258/002367779780937834},
  year = {1979},
  month = {jul},
  publisher = {{SAGE} Publications},
  volume = {13},
  number = {3},
  pages = {275--282},
  author = {Donna Marie Anderson and M. J. A. Simpson},
  title = {Breeding Performance of a Captive Colony of Rhesus Macaques (Macaca Mulatto)},
  journal = {Laboratory Animals},
}

@Article{Archie_2014,
  doi = {10.1098/rspb.2014.1261},
  url = {https://doi.org/10.1098/rspb.2014.1261},
  year = {2014},
  month = {oct},
  publisher = {The Royal Society},
  volume = {281},
  number = {1793},
  pages = {20141261},
  author = {Elizabeth A. Archie and Jenny Tung and Michael Clark and Jeanne Altmann and Susan C. Alberts},
  title = {Social affiliation matters: both same-sex and opposite-sex relationships predict survival in wild female baboons},
  journal = {Proceedings of the Royal Society B: Biological Sciences},
}

@Article{Arlet_2014,
  doi = {10.1007/s10764-014-9810-4},
  url = {https://doi.org/10.1007/s10764-014-9810-4},
  year = {2014},
  month = {dec},
  publisher = {Springer Science and Business Media {LLC}},
  volume = {36},
  number = {1},
  pages = {55--73},
  author = {Ma{\l}gorzata E. Arlet and Lynne A. Isbell and Ants Kaasik and Freerk Molleman and Rebecca L. Chancellor and Colin A. Chapman and Raivo M{\"a}nd and James R. Carey},
  title = {Determinants of Reproductive Performance Among Female Gray-Cheeked Mangabeys (Lophocebus albigena) in Kibale National Park, Uganda},
  journal = {International Journal of Primatology},
}

@Article{Armitage_2011,
  doi = {10.1890/10-0109.1},
  url = {https://doi.org/10.1890/10-0109.1},
  year = {2011},
  month = {jan},
  publisher = {Wiley},
  volume = {92},
  number = {1},
  pages = {218--227},
  author = {Kenneth B. Armitage and Dirk H. Van Vuren and Arpat Ozgul and Madan K. Oli},
  title = {Proximate causes of natal dispersal in female yellow-bellied marmots, Marmota flaviventris},
  journal = {Ecology},
}

@Article{Arruda_2005,
  doi = {10.1159/000082451},
  url = {https://doi.org/10.1159/000082451},
  year = {2005},
  publisher = {S. Karger {AG}},
  volume = {76},
  number = {1},
  pages = {10--20},
  author = {M.F. Arruda and A. Ara{\a'u}jo and M.B.C. Sousa and F.S. Albuquerque and A.C.S.R. Albuquerque and M.E. Yamamoto},
  title = {Two Breeding Females within Free-Living Groups May Not Always Indicate Polygyny: Alternative Subordinate Female Strategies in Common Marmosets (Callithrix jacchus)},
  journal = {Folia Primatologica},
}

@Article{BAKER_1998,
  doi = {10.1006/anbe.1998.0950},
  url = {https://doi.org/10.1006/anbe.1998.0950},
  year = {1998},
  month = {dec},
  publisher = {Elsevier {BV}},
  volume = {56},
  number = {6},
  pages = {1411--1424},
  author = {PHILIP J BAKER and CHARLES P.J ROBERTSON and STEPHAN M FUNK and STEPHEN HARRIS},
  title = {Potential fitness benefits of group living in the red fox,Vulpes vulpes},
  journal = {Animal Behaviour},
}

@Article{Baniel_2018,
  doi = {10.1016/j.anbehav.2018.03.001},
  url = {https://doi.org/10.1016/j.anbehav.2018.03.001},
  year = {2018},
  month = {may},
  publisher = {Elsevier {BV}},
  volume = {139},
  pages = {37--49},
  author = {Alice Baniel and Guy Cowlishaw and Elise Huchard},
  title = {Context dependence of female reproductive competition in wild chacma baboons},
  journal = {Animal Behaviour},
}

@Article{Barroso_2000,
  doi = {10.1016/s0168-1591(00)00113-1},
  url = {https://doi.org/10.1016/s0168-1591(00)00113-1},
  year = {2000},
  month = {aug},
  publisher = {Elsevier {BV}},
  volume = {69},
  number = {1},
  pages = {35--53},
  author = {F.G. Barroso and C.L. Alados and J. Boza},
  title = {Social hierarchy in the domestic goat: effect on food habits and production},
  journal = {Applied Animal Behaviour Science},
}

@Article{Barton_1993,
  doi = {10.1006/anbe.1993.1255},
  url = {https://doi.org/10.1006/anbe.1993.1255},
  year = {1993},
  month = {oct},
  publisher = {Elsevier {BV}},
  volume = {46},
  number = {4},
  pages = {777--789},
  author = {Robert A. Barton and Andrew Whiten},
  title = {Feeding competition among female olive baboons, Papio anubis},
  journal = {Animal Behaviour},
}

@Article{Baxter_1979,
  doi = {10.1007/bf01541200},
  url = {https://doi.org/10.1007/bf01541200},
  year = {1979},
  month = {sep},
  publisher = {Springer Science and Business Media {LLC}},
  volume = {8},
  number = {5},
  pages = {445--458},
  author = {Margaret Joan Baxter and Linda Marie Fedigan},
  title = {Grooming and consort partner selection in a troop of Japanese monkeys (Macaca fuscata)},
  journal = {Archives of Sexual Behavior},
}

@Article{Beehner_2006,
  doi = {10.1093/beheco/arl006},
  url = {https://doi.org/10.1093/beheco/arl006},
  year = {2006},
  month = {jun},
  publisher = {Oxford University Press ({OUP})},
  volume = {17},
  number = {5},
  pages = {741--750},
  author = {Jacinta C. Beehner and Daphne A. Onderdonk and Susan C. Alberts and Jeanne Altmann},
  title = {The ecology of conception and pregnancy failure in wild baboons},
  journal = {Behavioral Ecology},
}

@Article{Bercovitch_1993,
  doi = {10.1007/bf00164042},
  url = {https://doi.org/10.1007/bf00164042},
  year = {1993},
  month = {feb},
  publisher = {Springer Science and Business Media {LLC}},
  volume = {32},
  number = {2},
  pages = {103--109},
  author = {Fred B. Bercovitch and John D. Berard},
  title = {Life history costs and consequences of rapid reproductive maturation in female rhesus macaques},
  journal = {Behavioral Ecology and Sociobiology},
}

@Article{Berman_1988,
  doi = {10.1086/284792},
  url = {https://doi.org/10.1086/284792},
  year = {1988},
  month = {mar},
  publisher = {University of Chicago Press},
  volume = {131},
  number = {3},
  pages = {307--328},
  author = {C. M. Berman},
  title = {Maternal Condition and Offspring Sex Ratio in a Group of Free-Ranging Rhesus Monkeys: An Eleven-Year Study},
  journal = {The American Naturalist},
}

@Article{Bernstein_1986,
  doi = {10.1016/s0003-3472(86)80057-4},
  url = {https://doi.org/10.1016/s0003-3472(86)80057-4},
  year = {1986},
  month = {jun},
  publisher = {Elsevier {BV}},
  volume = {34},
  number = {3},
  pages = {739--747},
  author = {Irwin S. Bernstein and Carolyn Ehardt},
  title = {The influence of kinship and socialization on aggressive behaviour in rhesus monkeys (Macaca mulatta)},
  journal = {Animal Behaviour},
}

@Article{Blomquist_2009,
  doi = {10.1007/s00265-009-0792-8},
  url = {https://doi.org/10.1007/s00265-009-0792-8},
  year = {2009},
  month = {may},
  publisher = {Springer Science and Business Media {LLC}},
  volume = {63},
  number = {9},
  pages = {1345--1352},
  author = {Gregory E. Blomquist},
  title = {Environmental and genetic causes of maturational differences among rhesus macaque matrilines},
  journal = {Behavioral Ecology and Sociobiology},
}

@Article{Blomquist_2010,
  doi = {10.1007/s10764-010-9461-z},
  url = {https://doi.org/10.1007/s10764-010-9461-z},
  year = {2010},
  month = {nov},
  publisher = {Springer Science and Business Media {LLC}},
  volume = {32},
  number = {1},
  pages = {193--208},
  author = {Gregory E. Blomquist and Donald S. Sade and John D. Berard},
  title = {Rank-Related Fitness Differences and Their Demographic Pathways in Semi-Free-Ranging Rhesus Macaques (Macaca mulatta)},
  journal = {International Journal of Primatology},
}

@Article{BOESCH_1997,
  doi = {10.1006/anbe.1996.0510},
  url = {https://doi.org/10.1006/anbe.1996.0510},
  year = {1997},
  month = {oct},
  publisher = {Elsevier {BV}},
  volume = {54},
  number = {4},
  pages = {811--815},
  author = {CHRISTOPHE BOESCH},
  title = {Evidence for dominant wild female chimpanzees investing more in sons},
  journal = {Animal Behaviour},
}

@Article{Borries_1991,
  doi = {10.1007/bf02547586},
  url = {https://doi.org/10.1007/bf02547586},
  year = {1991},
  month = {jun},
  publisher = {Springer Science and Business Media {LLC}},
  volume = {12},
  number = {3},
  pages = {231--257},
  author = {Carola Borries and Volker Sommer and Arun Srivastava},
  title = {Dominance, age, and reproductive success in free-ranging female hanuman langurs (Presbytis entellus)},
  journal = {International Journal of Primatology},
}

@Article{borries2004temporary,
  author = {Carola Borries and Eileen Larney and Abigail M. Derby and Andreas Koenig},
  title = {Temporary Absence and Dispersal in Phayre's Leaf Monkeys <i>(Trachypithecus phayrei)</i>},
  date = {2004-01-01},
  volume = {75},
  number = {1},
  pages = {27-30},
  url = {http://dx.doi.org/10.1159/000073428},
  doi = {10.1159/000073428},
  issn = {0015-5713},
  license = {vor},
  score = {79.75661},
  journaltitle = {Folia Primatologica},
  year = {2021},
}

@Article{Brent_2017,
  doi = {10.1098/rspb.2017.0515},
  url = {https://doi.org/10.1098/rspb.2017.0515},
  year = {2017},
  month = {may},
  publisher = {The Royal Society},
  volume = {284},
  number = {1854},
  pages = {20170515},
  author = {L. J. N. Brent and A. Ruiz-Lambides and M. L. Platt},
  title = {Family network size and survival across the lifespan of female macaques},
  journal = {Proceedings of the Royal Society B: Biological Sciences},
}

@Article{Bulger_1987,
  doi = {10.1007/bf02735781},
  url = {https://doi.org/10.1007/bf02735781},
  year = {1987},
  month = {dec},
  publisher = {Springer Science and Business Media {LLC}},
  volume = {8},
  number = {6},
  pages = {635--650},
  author = {John Bulger and William J. Hamilton},
  title = {Rank and density correlates of inclusive fitness measures in a natural chacma baboon (Papio ursinus) troop},
  journal = {International Journal of Primatology},
}

@Article{Burland_2002,
  doi = {10.1098/rspb.2002.1978},
  url = {https://doi.org/10.1098/rspb.2002.1978},
  year = {2002},
  month = {may},
  publisher = {The Royal Society},
  volume = {269},
  number = {1495},
  pages = {1025--1030},
  author = {Tamsin M. Burland and Nigel C. Bennett and Jennifer U. M. Jarvis and Christopher G. Faulkes},
  title = {Eusociality in African mole-rats: new insights from patterns of genetic relatedness in the Damaraland mole-rat (
		            Cryptomys damarensis
		            )},
  journal = {Proceedings of the Royal Society of London. Series B: Biological Sciences},
}

@Article{BURLAND_2004,
  doi = {10.1111/j.1365-294x.2004.02233.x},
  url = {https://doi.org/10.1111/j.1365-294x.2004.02233.x},
  year = {2004},
  month = {jul},
  publisher = {Wiley},
  volume = {13},
  number = {8},
  pages = {2371--2379},
  author = {TAMSIN M. BURLAND and NIGEL C. BENNETT and JENNIFER U. M. JARVIS and CHRISTOPHER G. FAULKES},
  title = {Colony structure and parentage in wild colonies of co-operatively breeding Damaraland mole-rats suggest incest avoidance alone may not maintain reproductive skew},
  journal = {Molecular Ecology},
}

@Article{C_t__2000,
  doi = {10.1163/156853900502718},
  url = {https://doi.org/10.1163/156853900502718},
  year = {2000},
  publisher = {Brill},
  volume = {137},
  number = {11},
  pages = {1541--1566},
  author = {Steeve C{\^o} {\a'e}},
  title = {{DOMINANCE} {HIERARCHIES} {IN} {FEMALE} {MOUNTAIN} {GOATS}: {STABILITY}, {AGGRESSIVENESS} {AND} {DETERMINANTS} {OF} {RANK}},
  journal = {Behaviour},
}

@Article{C_t__2001,
  doi = {10.1006/anbe.2001.1719},
  url = {https://doi.org/10.1006/anbe.2001.1719},
  year = {2001},
  month = {jul},
  publisher = {Elsevier {BV}},
  volume = {62},
  number = {1},
  pages = {173--181},
  author = {Steeve D. C{\^o} {\a'e} and Marco Festa-Bianchet},
  title = {Reproductive success in female mountain goats: the influence of age and social rank},
  journal = {Animal Behaviour},
}

@Article{Cafazzo_2010,
  doi = {10.1093/beheco/arq001},
  url = {https://doi.org/10.1093/beheco/arq001},
  year = {2010},
  publisher = {Oxford University Press ({OUP})},
  volume = {21},
  number = {3},
  pages = {443--455},
  author = {Simona Cafazzo and Paola Valsecchi and Roberto Bonanni and Eugenia Natoli},
  title = {Dominance in relation to age, sex, and competitive contexts in a group of free-ranging domestic dogs},
  journal = {Behavioral Ecology},
}

@Article{Cafazzo_2014,
  title = {Social Variables Affecting Mate Preferences, Copulation and Reproductive Outcome in a Pack of Free-Ranging Dogs},
  volume = {9},
  issn = {1932-6203},
  url = {http://dx.doi.org/10.1371/journal.pone.0098594},
  doi = {10.1371/journal.pone.0098594},
  number = {6},
  journal = {PLoS ONE},
  publisher = {Public Library of Science (PLoS)},
  author = {Simona Cafazzo and Roberto Bonanni and Paola Valsecchi and Eugenia Natoli},
  editor = {ClaudeEditor Wicker-Thomas},
  year = {2014},
  month = {Jun},
  pages = {e98594},
}

@Article{Cameron_2009,
  doi = {10.1073/pnas.0900639106},
  url = {https://doi.org/10.1073/pnas.0900639106},
  year = {2009},
  month = {aug},
  publisher = {Proceedings of the National Academy of Sciences},
  volume = {106},
  number = {33},
  pages = {13850--13853},
  author = {E. Z. Cameron and T. H. Setsaas and W. L. Linklater},
  title = {Social bonds between unrelated females increase reproductive success in feral horses},
  journal = {Proceedings of the National Academy of Sciences},
}

@Article{cappa2019influence,
  author = {Fabrizio Cappa and Marco Lombardini and Alberto Meriggi},
  title = {Influence of seasonality, environmental and anthropic factors on crop damage by wild boar Sus scrofa},
  date = {2019-11-8},
  volume = {68},
  number = {4},
  pages = {261},
  url = {http://dx.doi.org/10.25225/fozo.015.2019},
  doi = {10.25225/fozo.015.2019},
  issn = {0139-7893},
  score = {63.589645},
  journaltitle = {Folia Zoologica},
  year = {2021},
}

@Article{Carling_2003,
  doi = {10.1644/brb-116},
  url = {https://doi.org/10.1644/brb-116},
  year = {2003},
  month = {nov},
  publisher = {Oxford University Press ({OUP})},
  volume = {84},
  number = {4},
  pages = {1237--1243},
  author = {Matthew D. Carling and Patryce Avsharian Wiseman and John A. Byers},
  title = {{MICROSATELLITE} {ANALYSIS} {REVEALS} {MULTIPLE} {PATERNITY} {IN} A {POPULATION} {OF} {WILD} {PRONGHORN} {ANTELOPES} ({ANTILOCAPRA} {AMERICANA})},
  journal = {Journal of Mammalogy},
}

@Article{Cassinello_1995,
  doi = {10.1016/0168-1591(95)00583-e},
  url = {https://doi.org/10.1016/0168-1591(95)00583-e},
  year = {1995},
  month = {oct},
  publisher = {Elsevier {BV}},
  volume = {45},
  number = {1-2},
  pages = {175--180},
  author = {Jorge Cassinello},
  title = {Factors modifying female social ranks in Ammotragus},
  journal = {Applied Animal Behaviour Science},
}

@Article{Cassinello_1996,
  doi = {10.1111/j.1469-7998.1996.tb05442.x},
  url = {https://doi.org/10.1111/j.1469-7998.1996.tb05442.x},
  year = {1996},
  month = {may},
  publisher = {Wiley},
  volume = {239},
  number = {1},
  pages = {141--153},
  author = {J. Cassinello and C. L. Alados},
  title = {Female reproductive success in {captiveAmmotragus} lervia(Bovidae, Artiodactyla). Study of its components and effects of hierarchy and inbreeding},
  journal = {Journal of Zoology},
}

@Article{Ceacero_2007,
  doi = {10.1111/j.1439-0310.2007.01427.x},
  url = {https://doi.org/10.1111/j.1439-0310.2007.01427.x},
  year = {2007},
  month = {dec},
  publisher = {Wiley},
  volume = {113},
  number = {12},
  pages = {1133--1140},
  author = {Francisco Ceacero and Tom{\a'a}s Landete-Castillejos and Andres J. Garc\'\ia and Jos{\a'e} A. Est{\a'e}vez and Laureano Gallego},
  title = {Kinship Discrimination and Effects on Social Rank and Aggressiveness Levels in Iberian Red Deer Hinds},
  journal = {Ethology},
}

@Article{Ceacero_2018,
  doi = {10.1093/cz/zoy049},
  url = {https://doi.org/10.1093/cz/zoy049},
  year = {2018},
  month = {jun},
  publisher = {Oxford University Press ({OUP})},
  volume = {65},
  number = {3},
  pages = {269--277},
  author = {Francisco Ceacero and Martina Kom{\a'a}rko {\a'a} and Andr{\a'e}s J Garc\'\ia and Laureano Gallego},
  editor = {Zhi-Yun Jia},
  title = {Different maternal investment strategies for male and female calves in a polygynous mammal},
  journal = {Current Zoology},
}

@Article{Chelini_2011,
  title = {Social stress and reproductive success in the female Syrian hamster: Endocrine and behavioral correlates},
  volume = {104},
  issn = {0031-9384},
  url = {http://dx.doi.org/10.1016/j.physbeh.2011.06.006},
  doi = {10.1016/j.physbeh.2011.06.006},
  number = {5},
  journal = {Physiology & Behavior},
  publisher = {Elsevier BV},
  author = {Marie Odile Monier Chelini and Rupert Palme and Emma Otta},
  year = {2011},
  month = {Oct},
  pages = {948–954},
}

@Article{Chelini_2011a,
  doi = {10.1016/j.physbeh.2011.06.006},
  url = {https://doi.org/10.1016/j.physbeh.2011.06.006},
  year = {2011},
  month = {oct},
  publisher = {Elsevier {BV}},
  volume = {104},
  number = {5},
  pages = {948--954},
  author = {Marie Odile Monier Chelini and Rupert Palme and Emma Otta},
  title = {Social stress and reproductive success in the female Syrian hamster: Endocrine and behavioral correlates},
  journal = {Physiology {\&} Behavior},
}

@Article{Chepko_Sade_1979,
  doi = {10.1007/bf00293675},
  url = {https://doi.org/10.1007/bf00293675},
  year = {1979},
  publisher = {Springer Science and Business Media {LLC}},
  volume = {5},
  number = {3},
  pages = {263--278},
  author = {B. Diane Chepko-Sade and Thomas J. Olivier},
  title = {Coefficient of genetic relationship and the probability of intragenealogical fission in Macaca mulatta},
  journal = {Behavioral Ecology and Sociobiology},
}

@Article{Christenson_1978,
  doi = {10.1163/156853978x00495},
  url = {https://doi.org/10.1163/156853978x00495},
  year = {1978},
  publisher = {Brill},
  volume = {64},
  number = {1-2},
  pages = {158--171},
  author = {T.E. Christenson and B.J. Le Boeuf},
  title = {Aggression in the Female Northern Elephant Seal, Mirounga Angustirostris},
  journal = {Behaviour},
}

@Article{Clancey_2015,
  doi = {10.1093/jmammal/gyv168},
  url = {https://doi.org/10.1093/jmammal/gyv168},
  year = {2015},
  month = {oct},
  publisher = {Oxford University Press ({OUP})},
  volume = {97},
  number = {1},
  pages = {179--186},
  author = {Erin Clancey and John A. Byers},
  title = {A comprehensive test of the Trivers{\textendash}Willard hypothesis in pronghorn (
		            Antilocapra americana
		            )},
  journal = {Journal of Mammalogy},
}

@Article{Clarke_1997,
  title = {Dominance and queen succession in captive colonies of the eusocial naked mole–rat,
            Heterocephalus glaber},
  volume = {264},
  issn = {1471-2954},
  url = {http://dx.doi.org/10.1098/rspb.1997.0137},
  doi = {10.1098/rspb.1997.0137},
  number = {1384},
  journal = {Proceedings of the Royal Society of London. Series B: Biological Sciences},
  publisher = {The Royal Society},
  author = {F. M. Clarke and C. G. Faulkes},
  year = {1997},
  month = {Jul},
  pages = {993–1000},
}

@Article{Clarke_1997a,
  doi = {10.1098/rspb.1997.0137},
  url = {https://doi.org/10.1098/rspb.1997.0137},
  year = {1997},
  month = {jul},
  publisher = {The Royal Society},
  volume = {264},
  number = {1384},
  pages = {993--1000},
  author = {F. M. Clarke and C. G. Faulkes},
  title = {Dominance and queen succession in captive colonies of the eusocial naked mole{\textendash}rat,
		            Heterocephalus glaber},
  journal = {Proceedings of the Royal Society of London. Series B: Biological Sciences},
}

@Article{Clutton_Brock_1984,
  doi = {10.1038/308358a0},
  url = {https://doi.org/10.1038/308358a0},
  year = {1984},
  month = {mar},
  publisher = {Springer Science and Business Media {LLC}},
  volume = {308},
  number = {5957},
  pages = {358--360},
  author = {T. H. Clutton-Brock and S. D. Albon and F. E. Guinness},
  title = {Maternal dominance, breeding success and birth sex ratios in red deer},
  journal = {Nature},
}

@Article{Coe_1981,
  doi = {10.1016/0018-506x(81)90033-7},
  url = {https://doi.org/10.1016/0018-506x(81)90033-7},
  year = {1981},
  month = {mar},
  publisher = {Elsevier {BV}},
  volume = {15},
  number = {1},
  pages = {36--53},
  author = {Christopher L. Coe and Jeanette Chen and Edna L. Lowe and Julian M. Davidson and Seymour Levine},
  title = {Hormonal and behavioral changes at puberty in the squirrel monkey},
  journal = {Hormones and Behavior},
}

@Article{Cords_2002,
  doi = {10.1163/156853902760102681},
  url = {https://doi.org/10.1163/156853902760102681},
  year = {2002},
  publisher = {Brill},
  volume = {139},
  number = {2},
  pages = {291--314},
  author = {Marina Cords},
  title = {Friendship among adult female blue monkeys (Cercopithecus mitis)},
  journal = {Behaviour},
}

@Article{Correa_2013,
  doi = {10.1016/j.beproc.2013.05.003},
  url = {https://doi.org/10.1016/j.beproc.2013.05.003},
  year = {2013},
  month = {sep},
  publisher = {Elsevier {BV}},
  volume = {98},
  pages = {92--97},
  author = {Loreto A. Correa and Beatriz Zapata and Horacio Samaniego and Mauricio Soto-Gamboa},
  title = {Social structure in a family group of Guanaco (Lama guanicoe, Ungulate): Is female hierarchy based on `prior attributes' or `social dynamics'?},
  journal = {Behavioural Processes},
}

@Article{Cram_2018,
  doi = {10.1016/j.cub.2018.07.021},
  url = {https://doi.org/10.1016/j.cub.2018.07.021},
  year = {2018},
  month = {sep},
  publisher = {Elsevier {BV}},
  volume = {28},
  number = {18},
  pages = {2934--2939.e4},
  author = {Dominic L. Cram and Pat Monaghan and Robert Gillespie and Ben Dantzer and Christopher Duncan and Helen Spence-Jones and Tim Clutton-Brock},
  title = {Rank-Related Contrasts in Longevity Arise from Extra-Group Excursions Not Delayed Senescence in a Cooperative Mammal},
  journal = {Current Biology},
}

@Article{Creel_1994,
  doi = {10.1093/beheco/5.3.339},
  url = {https://doi.org/10.1093/beheco/5.3.339},
  year = {1994},
  publisher = {Oxford University Press ({OUP})},
  volume = {5},
  number = {3},
  pages = {339--348},
  author = {Scott R. Creel and Peter M. Waser},
  title = {Inclusive fitness and reproductive strategies in dwarf mongooses},
  journal = {Behavioral Ecology},
}

@Article{Creel_1997,
  doi = {10.1093/beheco/8.3.298},
  url = {https://doi.org/10.1093/beheco/8.3.298},
  year = {1997},
  publisher = {Oxford University Press ({OUP})},
  volume = {8},
  number = {3},
  pages = {298--306},
  author = {Scott Creel and Nancy Marusha Creel and Michael G. L. Mills and Steven L. Monfort},
  title = {Rank and reproduction in cooperatively breeding African wild dogs: behavioral and endocrine correlates},
  journal = {Behavioral Ecology},
}

@Article{Creel_2005,
  doi = {10.1644/bhe-002.1},
  url = {https://doi.org/10.1644/bhe-002.1},
  year = {2005},
  month = {apr},
  publisher = {Oxford University Press ({OUP})},
  volume = {86},
  number = {2},
  pages = {255--264},
  author = {Scott Creel},
  title = {{DOMINANCE}, {AGGRESSION}, {AND} {GLUCOCORTICOID} {LEVELS} {IN} {SOCIAL} {CARNIVORES}},
  journal = {Journal of Mammalogy},
}

@Article{Dammann_2011,
  doi = {10.1371/journal.pone.0018757},
  url = {https://doi.org/10.1371/journal.pone.0018757},
  year = {2011},
  month = {apr},
  publisher = {Public Library of Science ({PLoS})},
  volume = {6},
  number = {4},
  pages = {e18757},
  author = {Philip Dammann and Radim {{\v S}umbera} and Christina Ma{\ss}mann and Andr{\a'e} Scherag and Hynek Burda},
  editor = {Gonzalo Garc\'\ia {de Polavieja}},
  title = {Extended Longevity of Reproductives Appears to be Common in Fukomys Mole-Rats (Rodentia, Bathyergidae)},
  journal = {{PLoS} {ONE}},
}

@Article{de_Luca_2001,
  doi = {10.1006/anbe.2000.1559},
  url = {https://doi.org/10.1006/anbe.2000.1559},
  year = {2001},
  month = {jan},
  publisher = {Elsevier {BV}},
  volume = {61},
  number = {1},
  pages = {17--30},
  author = {D.W. {de Luca} and J.R. Ginsberg},
  title = {Dominance, reproduction and survival in banded mongooses: towards an egalitarian social system?},
  journal = {Animal Behaviour},
}

@Article{De_Moor_2020,
  doi = {10.1093/beheco/arz213},
  url = {https://doi.org/10.1093/beheco/arz213},
  year = {2020},
  month = {jan},
  publisher = {Oxford University Press ({OUP})},
  volume = {31},
  number = {2},
  pages = {493--507},
  author = {Delphine De Moor and Christian Roos and Julia Ostner and Oliver Sch{\"u}lke},
  editor = {Louise Barrett},
  title = {Female Assamese macaques bias their affiliation to paternal and maternal kin},
  journal = {Behavioral Ecology},
}

@Article{DE_VRIES_2016,
  doi = {10.1111/1749-4877.12201},
  url = {https://doi.org/10.1111/1749-4877.12201},
  year = {2016},
  month = {nov},
  publisher = {Wiley},
  volume = {11},
  number = {6},
  pages = {433--446},
  author = {Dorien DE VRIES and Andreas KOENIG and Carola BORRIES},
  title = {Female reproductive success in a species with an age-inversed hierarchy},
  journal = {Integrative Zoology},
}

@Article{Dennehy_2001,
  doi = {10.1093/beheco/12.2.177},
  url = {https://doi.org/10.1093/beheco/12.2.177},
  year = {2001},
  month = {mar},
  publisher = {Oxford University Press ({OUP})},
  volume = {12},
  number = {2},
  pages = {177--181},
  author = {J. J. Dennehy},
  title = {Influence of social dominance rank on diet quality of pronghorn females},
  journal = {Behavioral Ecology},
}

@Article{Deutsch_1991,
  doi = {10.1007/bf02547673},
  url = {https://doi.org/10.1007/bf02547673},
  year = {1991},
  month = {dec},
  publisher = {Springer Science and Business Media {LLC}},
  volume = {12},
  number = {6},
  pages = {615--628},
  author = {James C. Deutsch and P. C. Lee},
  title = {Dominance and feeding competition in captive rhesus monkeys},
  journal = {International Journal of Primatology},
}

@Article{Dietz_1993,
  doi = {10.1006/anbe.1993.1297},
  url = {https://doi.org/10.1006/anbe.1993.1297},
  year = {1993},
  month = {dec},
  publisher = {Elsevier {BV}},
  volume = {46},
  number = {6},
  pages = {1067--1078},
  author = {James M. Dietz and Andrew J. Baker},
  title = {Polygyny and female reproductive success in golden lion tamarins, Leontopithecus rosalia},
  journal = {Animal Behaviour},
}

@Article{Digby_1995,
  doi = {10.1007/bf02382859},
  url = {https://doi.org/10.1007/bf02382859},
  year = {1995},
  month = {jul},
  publisher = {Springer Science and Business Media {LLC}},
  volume = {36},
  number = {3},
  pages = {361--375},
  author = {Leslie J. Digby},
  title = {Social organization in a wild population {ofCallithrix} jacchus: {II}. Intragroup social behavior},
  journal = {Primates},
}

@Article{Dittus_1979,
  doi = {10.1163/156853979x00511},
  url = {https://doi.org/10.1163/156853979x00511},
  year = {1979},
  publisher = {Brill},
  volume = {69},
  number = {3-4},
  pages = {265--301},
  author = {Wolfgang P.J. Dittus},
  title = {The Evolution of Behaviors Regulating Density and Age-Specific Sex Ratios in a Primate Population},
  journal = {Behaviour},
}

@Article{Dittus_1986,
  doi = {10.1007/bf00300640},
  url = {https://doi.org/10.1007/bf00300640},
  year = {1986},
  month = {sep},
  publisher = {Springer Science and Business Media {LLC}},
  volume = {19},
  number = {4},
  pages = {257--266},
  author = {Wolfgang P. J. Dittus},
  title = {Sex differences in fitness following a group take-over among Toque macaques: testing models of social evolution},
  journal = {Behavioral Ecology and Sociobiology},
}

@Article{Djakovi__2011,
  doi = {10.1007/s10211-011-0121-x},
  url = {https://doi.org/10.1007/s10211-011-0121-x},
  year = {2011},
  month = {dec},
  publisher = {Springer Science and Business Media {LLC}},
  volume = {15},
  number = {2},
  pages = {165--171},
  author = {Nata{\v s}a Djakovi{\a'c} and {\O}ystein Holand and Anne Lene Hovland and Knut H. R{\o}ed and Robert B. Weladji and Espen Fjeldstad and Mauri Nieminen},
  title = {Association patterns and kinship in female reindeer (Rangifer tarandus) during rut},
  journal = {acta ethologica},
}

@Article{Dobly_2008,
  doi = {10.1007/s10164-008-0118-8},
  url = {https://doi.org/10.1007/s10164-008-0118-8},
  year = {2008},
  month = {oct},
  publisher = {Springer Science and Business Media {LLC}},
  volume = {27},
  number = {3},
  pages = {299--306},
  author = {Alexandre Dobly},
  title = {Breeding suppression between two unrelated and initially unfamiliar females occurs with or without social tolerance in common voles (Microtus arvalis)},
  journal = {Journal of Ethology},
}

@Article{Dolhinow_1979,
  doi = {10.1002/1098-2337(1979)5:1<19::aid-ab2480050104>3.0.co;2-7},
  url = {https://doi.org/10.1002/1098-2337(1979)5:1<19::aid-ab2480050104>3.0.co;2-7},
  year = {1979},
  publisher = {Wiley},
  volume = {5},
  number = {1},
  pages = {19--30},
  author = {Phyllis Dolhinow and James J. McKenna and Julia Vonder Haar Laws},
  title = {Rank and reproduction among female langur monkeys: Aging and improvement (They{\textquotesingle}re not just getting older, they{\textquotesingle}re getting better)},
  journal = {Aggressive Behavior},
}

@Article{Drickamer_1974,
  doi = {10.1159/000155596},
  url = {https://doi.org/10.1159/000155596},
  year = {1974},
  publisher = {S. Karger {AG}},
  volume = {21},
  number = {1},
  pages = {61--80},
  author = {Lee C. Drickamer},
  title = {A Ten-Year Summary of Reproductive Data for Free-Ranging $\less$i$\greater$Macaca mulatta$\less$/i$\greater$},
  journal = {Folia Primatologica},
}

@Article{Drickamer_1985,
  doi = {10.1037/0735-7036.99.4.411},
  url = {https://doi.org/10.1037/0735-7036.99.4.411},
  year = {1985},
  month = {dec},
  publisher = {American Psychological Association ({APA})},
  volume = {99},
  number = {4},
  pages = {411--419},
  author = {Lee C. Drickamer},
  title = {Social dominance, reproduction, and release of the maturation-delaying chemosignal in the urine of female house mice (Mus musculus).},
  journal = {Journal of Comparative Psychology},
}

@Article{Duboscq_2017,
  doi = {10.1016/j.anbehav.2016.11.010},
  url = {https://doi.org/10.1016/j.anbehav.2016.11.010},
  year = {2017},
  month = {jan},
  publisher = {Elsevier {BV}},
  volume = {123},
  pages = {411--426},
  author = {Julie Duboscq and Christof Neumann and Muhammad Agil and Dyah Perwitasari-Farajallah and Bernard Thierry and Antje Engelhardt},
  title = {Degrees of freedom in social bonds of crested macaque females},
  journal = {Animal Behaviour},
}

@Article{DUNBAR_1977,
  doi = {10.1038/266351a0},
  url = {https://doi.org/10.1038/266351a0},
  year = {1977},
  month = {mar},
  publisher = {Springer Science and Business Media {LLC}},
  volume = {266},
  number = {5600},
  pages = {351--352},
  author = {R. I. M. DUNBAR and E. P. DUNBAR},
  title = {Dominance and reproductive success among female gelada baboons},
  journal = {Nature},
}

@Article{Dunbar_1980,
  doi = {10.1007/bf00300665},
  url = {https://doi.org/10.1007/bf00300665},
  year = {1980},
  month = {nov},
  publisher = {Springer Science and Business Media {LLC}},
  volume = {7},
  number = {4},
  pages = {253--265},
  author = {R. I. M. Dunbar},
  title = {Determinants and evolutionary consequences of dominance among female gelada baboons},
  journal = {Behavioral Ecology and Sociobiology},
}

@Book{Dunbar_1985,
  doi = {10.1515/9781400853847},
  url = {https://doi.org/10.1515/9781400853847},
  year = {1985},
  month = {dec},
  publisher = {Princeton University Press},
  author = {Robin Dunbar},
  title = {Reproductive Decisions},
}

@Article{Eccles_1986,
  doi = {10.1016/s0003-3472(86)80210-x},
  url = {https://doi.org/10.1016/s0003-3472(86)80210-x},
  year = {1986},
  month = {oct},
  publisher = {Elsevier {BV}},
  volume = {34},
  number = {5},
  pages = {1392--1401},
  author = {T.R. Eccles and D.M. Shackleton},
  title = {Correlates and consequences of social status in female bighorn sheep},
  journal = {Animal Behaviour},
}

@Article{Eckardt_2016,
  doi = {10.1007/s00265-016-2066-6},
  url = {https://doi.org/10.1007/s00265-016-2066-6},
  year = {2016},
  month = {feb},
  publisher = {Springer Science and Business Media {LLC}},
  volume = {70},
  number = {4},
  pages = {493--507},
  author = {Winnie Eckardt and Katie Fawcett and Alison W. Fletcher},
  title = {Weaned age variation in the Virunga mountain gorillas (Gorilla beringei beringei): influential factors},
  journal = {Behavioral Ecology and Sociobiology},
}

@Article{Ellis_2019,
  doi = {10.1098/rspb.2019.1991},
  url = {https://doi.org/10.1098/rspb.2019.1991},
  year = {2019},
  month = {dec},
  publisher = {The Royal Society},
  volume = {286},
  number = {1917},
  pages = {20191991},
  author = {Samuel Ellis and Noah Snyder-Mackler and Angelina Ruiz-Lambides and Michael L. Platt and Lauren J. N. Brent},
  title = {Deconstructing sociality: the types of social connections that predict longevity in a group-living primate},
  journal = {Proceedings of the Royal Society B: Biological Sciences},
}

@Article{Fairbanks_1984,
  doi = {10.1002/ajp.1350070106},
  url = {https://doi.org/10.1002/ajp.1350070106},
  year = {1984},
  publisher = {Wiley},
  volume = {7},
  number = {1},
  pages = {27--38},
  author = {Lynn A. Fairbanks and Michael T. McGuire},
  title = {Determinants of fecundity and reproductive success in captive vervet monkeys},
  journal = {American Journal of Primatology},
}

@Article{Fairbanks_2011,
  doi = {10.1016/j.psyneuen.2011.02.013},
  url = {https://doi.org/10.1016/j.psyneuen.2011.02.013},
  year = {2011},
  month = {sep},
  publisher = {Elsevier {BV}},
  volume = {36},
  number = {8},
  pages = {1201--1208},
  author = {Lynn A. Fairbanks and Matthew J. Jorgensen and Julia N. Bailey and Sherry E. Breidenthal and Rachel Grzywa and Mark L. Laudenslager},
  title = {Heritability and genetic correlation of hair cortisol in vervet monkeys in low and higher stress environments},
  journal = {Psychoneuroendocrinology},
}

@Article{Faulkes_2001,
  doi = {10.1016/s0169-5347(01)02116-4},
  url = {https://doi.org/10.1016/s0169-5347(01)02116-4},
  year = {2001},
  month = {apr},
  publisher = {Elsevier {BV}},
  volume = {16},
  number = {4},
  pages = {184--190},
  author = {Chris G. Faulkes and Nigel C. Bennett},
  title = {Family values: group dynamics and social control of reproduction in African mole-rats},
  journal = {Trends in Ecology {\&} Evolution},
}

@Article{Fedigan_1986,
  doi = {10.1159/000156271},
  url = {https://doi.org/10.1159/000156271},
  year = {1986},
  publisher = {S. Karger {AG}},
  volume = {47},
  number = {2-3},
  pages = {143--157},
  author = {Linda Marie Fedigan and Laurence Fedigan and Sarah Gouzoules and Harold Gouzoules and Naoki Koyama},
  title = {Lifetime Reproductive Success in Female Japanese Macaques},
  journal = {Folia Primatologica},
}

@Article{Fedigan_2008,
  doi = {10.1002/ajpa.20848},
  url = {https://doi.org/10.1002/ajpa.20848},
  year = {2008},
  month = {sep},
  publisher = {Wiley},
  volume = {137},
  number = {1},
  pages = {82--90},
  author = {Linda Marie Fedigan and Sarah D. Carnegie and Katharine M. Jack},
  title = {Predictors of reproductive success in female white-faced capuchins (Cebus capucinus)},
  journal = {American Journal of Physical Anthropology},
}

@Article{Fedigan_2010,
  doi = {10.1163/000579510x497283},
  url = {https://doi.org/10.1163/000579510x497283},
  year = {2010},
  publisher = {Brill},
  volume = {147},
  number = {7},
  pages = {899--931},
  author = {Linda Fedigan and Mackenzie Bergstrom},
  title = {Dominance among female white-faced capuchin monkeys (Cebus capucinus): hierarchical linearity, nepotism, strength and stability},
  journal = {Behaviour},
}

@Article{Festa_Bianchet_1991,
  doi = {10.1016/s0003-3472(05)80607-4},
  url = {https://doi.org/10.1016/s0003-3472(05)80607-4},
  year = {1991},
  month = {jul},
  publisher = {Elsevier {BV}},
  volume = {42},
  number = {1},
  pages = {71--82},
  author = {Marco Festa-Bianchet},
  title = {The social system of bighorn sheep: grouping patterns, kinship and female dominance rank},
  journal = {Animal Behaviour},
}

@Article{Fournier_1995,
  doi = {10.1016/0003-3472(95)90066-7},
  url = {https://doi.org/10.1016/0003-3472(95)90066-7},
  year = {1995},
  month = {jun},
  publisher = {Elsevier {BV}},
  volume = {49},
  number = {6},
  pages = {1449--1459},
  author = {Fran{\c c}ois Fournier and Marco Festa-Bianchet},
  title = {Social dominance in adult female mountain goats},
  journal = {Animal Behaviour},
}

@Article{Garber_1993,
  doi = {10.1002/ajp.1350290402},
  url = {https://doi.org/10.1002/ajp.1350290402},
  year = {1993},
  publisher = {Wiley},
  volume = {29},
  number = {4},
  pages = {235--254},
  author = {P. A. Garber and F. Encarnaci {\a'O}n and L. Moya and J. D. Pruetz},
  title = {Demographic and reproductive patterns in moustached tamarin monkeys (Saguinus mystax): Implications for reconstructing platyrrhine mating systems},
  journal = {American Journal of Primatology},
}

@Article{Garcia_2006,
  doi = {10.1002/ajpa.20405},
  url = {https://doi.org/10.1002/ajpa.20405},
  year = {2006},
  publisher = {Wiley},
  volume = {131},
  number = {1},
  pages = {64--72},
  author = {C. Garcia and P.C. Lee and L. Rosetta},
  title = {Dominance and reproductive rates in captive female olive baboons,Papio anubis},
  journal = {American Journal of Physical Anthropology},
}

@Article{Gaylard_1998,
  doi = {10.1111/j.1469-7998.1998.tb00035.x},
  url = {https://doi.org/10.1111/j.1469-7998.1998.tb00035.x},
  year = {1998},
  month = {mar},
  publisher = {Wiley},
  volume = {244},
  number = {3},
  pages = {313--321},
  author = {A. Gaylard and Y. Harrison and N. C. Bennett},
  title = {Temporal changes in the social structure of a captive colony of the Damaraland mole-rat, Cryptomys damarensis: the relationship of sex and age to dominance and burrow-maintenance activity},
  journal = {Journal of Zoology},
}

@Article{Gerlach_2002,
  doi = {10.1093/beheco/13.3.408},
  url = {https://doi.org/10.1093/beheco/13.3.408},
  year = {2002},
  month = {may},
  publisher = {Oxford University Press ({OUP})},
  volume = {13},
  number = {3},
  pages = {408--418},
  author = {G. Gerlach},
  title = {Reproductive skew, costs, and benefits of cooperative breeding in female wood mice (Apodemus sylvaticus)},
  journal = {Behavioral Ecology},
}

@Article{Gesquiere_2018,
  doi = {10.1002/ajpa.23407},
  url = {https://doi.org/10.1002/ajpa.23407},
  year = {2018},
  month = {feb},
  publisher = {Wiley},
  volume = {166},
  number = {1},
  pages = {107--126},
  author = {Laurence R. Gesquiere and Jeanne Altmann and Elizabeth A. Archie and Susan C. Alberts},
  title = {Interbirth intervals in wild baboons: Environmental predictors and hormonal correlates},
  journal = {American Journal of Physical Anthropology},
}

@Article{Girman_1997,
  doi = {10.1007/s002650050332},
  url = {https://doi.org/10.1007/s002650050332},
  year = {1997},
  month = {mar},
  publisher = {Springer Science and Business Media {LLC}},
  volume = {40},
  number = {3},
  pages = {187--198},
  author = {Derek J. Girman and M. G. L. Mills and Eli Geffen and Robert K. Wayne},
  title = {A molecular genetic analysis of social structure, dispersal, and interpack relationships of the African wild dog ( Lycaon pictus {\mkern1mu})},
  journal = {Behavioral Ecology and Sociobiology},
}

@Article{Glander_1980,
  doi = {10.1002/ajpa.1330530106},
  url = {https://doi.org/10.1002/ajpa.1330530106},
  year = {1980},
  month = {jul},
  publisher = {Wiley},
  volume = {53},
  number = {1},
  pages = {25--36},
  author = {Kenneth E. Glander},
  title = {Reproduction and population growth in free-ranging mantled howling monkeys},
  journal = {American Journal of Physical Anthropology},
}

@Article{Goldizen_1996,
  doi = {10.1002/(sici)1098-2345(1996)38:1<57::aid-ajp6>3.0.co;2-s},
  url = {https://doi.org/10.1002/(sici)1098-2345(1996)38:1<57::aid-ajp6>3.0.co;2-s},
  year = {1996},
  publisher = {Wiley},
  volume = {38},
  number = {1},
  pages = {57--83},
  author = {A. W. Goldizen and J. Mendelson and M. {van Vlaardingen} and J. Terborgh},
  title = {Saddle-back tamarin (Saguinus fuscicollis) reproductive strategies: Evidence from a thirteen-year study of a marked population},
  journal = {American Journal of Primatology},
}

@Article{Gomendio_1990,
  doi = {10.1007/bf00164008},
  url = {https://doi.org/10.1007/bf00164008},
  year = {1990},
  publisher = {Springer Science and Business Media {LLC}},
  volume = {27},
  number = {5},
  pages = {365--375},
  author = {M. Gomendio},
  title = {The influence of maternal rank and infant sex on maternal investment trends in rhesus macaques: birth sex ratios, inter-birth intervals and suckling patterns},
  journal = {Behavioral Ecology and Sociobiology},
}

@Article{Gomendio_1990a,
  title = {The influence of maternal rank and infant sex on maternal investment trends in rhesus macaques: birth sex ratios, inter-birth intervals and suckling patterns},
  volume = {27},
  issn = {1432-0762},
  url = {http://dx.doi.org/10.1007/BF00164008},
  doi = {10.1007/bf00164008},
  number = {5},
  journal = {Behavioral Ecology and Sociobiology},
  publisher = {Springer Science and Business Media LLC},
  author = {M. Gomendio},
  year = {1990},
  pages = {365–375},
}

@Article{Gomendio_1990ab,
  doi = {10.1038/343261a0},
  url = {https://doi.org/10.1038/343261a0},
  year = {1990},
  month = {jan},
  publisher = {Springer Science and Business Media {LLC}},
  volume = {343},
  number = {6255},
  pages = {261--263},
  author = {M. Gomendio and T. H. Clutton-Brock and S. D. Albon and F. E. Guinness and M. J. Simpson},
  title = {Mammalian sex ratios and variation in costs of rearing sons and daughters},
  journal = {Nature},
}

@Article{Gouzoules_1982,
  doi = {10.1016/s0003-3472(82)80204-2},
  url = {https://doi.org/10.1016/s0003-3472(82)80204-2},
  year = {1982},
  month = {nov},
  publisher = {Elsevier {BV}},
  volume = {30},
  number = {4},
  pages = {1138--1150},
  author = {Harold Gouzoules and Sarah Gouzoules and Linda Fedigan},
  title = {Behavioural dominance and reproductive success in female Japanese monkeys (Macaca fuscata)},
  journal = {Animal Behaviour},
}

@Article{Green_1991,
  doi = {10.1007/bf00165963},
  url = {https://doi.org/10.1007/bf00165963},
  year = {1991},
  month = {dec},
  publisher = {Springer Science and Business Media {LLC}},
  volume = {29},
  number = {5},
  pages = {373--384},
  author = {Wendy C.H. Green and Aron Rothstein},
  title = {Sex bias or equal opportunity? Patterns of maternal investment in bison},
  journal = {Behavioral Ecology and Sociobiology},
}

@Article{Greenberg_Cohen_2010,
  doi = {10.1111/j.1439-0310.1994.tb01072.x},
  url = {https://doi.org/10.1111/j.1439-0310.1994.tb01072.x},
  year = {2010},
  month = {apr},
  publisher = {Wiley},
  volume = {98},
  number = {3-4},
  pages = {210--220},
  author = {Dalia Greenberg-Cohen and Philip U. Alkon and Yoram Yom-Tov},
  title = {A Linear Dominance Hierarchy in Female Nubian Ibex},
  journal = {Ethology},
}

@Article{Griffin_2003,
  doi = {10.1093/beheco/arg040},
  url = {https://doi.org/10.1093/beheco/arg040},
  year = {2003},
  month = {jul},
  publisher = {Oxford University Press ({OUP})},
  volume = {14},
  number = {4},
  pages = {472--480},
  author = {A. S. Griffin},
  title = {A genetic analysis of breeding success in the cooperative meerkat (Suricata suricatta)},
  journal = {Behavioral Ecology},
}

@Article{Hackl_nder_2003,
  doi = {10.1006/anbe.2003.2159},
  url = {https://doi.org/10.1006/anbe.2003.2159},
  year = {2003},
  month = {jun},
  publisher = {Elsevier {BV}},
  volume = {65},
  number = {6},
  pages = {1133--1140},
  author = {Klaus Hackl{\"a}nder and Erich M{\"o}stl and Walter Arnold},
  title = {Reproductive suppression in female Alpine marmots, Marmota marmota},
  journal = {Animal Behaviour},
}

@Article{HALL_2010,
  doi = {10.1111/j.1439-0310.1983.tb01341.x},
  url = {https://doi.org/10.1111/j.1439-0310.1983.tb01341.x},
  year = {2010},
  month = {apr},
  publisher = {Wiley},
  volume = {61},
  number = {3},
  pages = {250--262},
  author = {MARION J. HALL},
  title = {Social Organization in an Enclosed Group of Red Deer (Cervus elaphus L.) on Rhum. I. The Dominance Hierarchy of Females and their Offspring},
  journal = {Zeitschrift für Tierpsychologie},
}

@Article{Hass_1991,
  doi = {10.1111/j.1469-7998.1991.tb03832.x},
  url = {https://doi.org/10.1111/j.1469-7998.1991.tb03832.x},
  year = {1991},
  month = {nov},
  publisher = {Wiley},
  volume = {225},
  number = {3},
  pages = {509--523},
  author = {Christine C. Hass},
  title = {Social status in female bighorn sheep (Ovis canadensis): expression, development and reproductive correlates},
  journal = {Journal of Zoology},
}

@Article{Heesen_2013,
  doi = {10.1007/s00265-013-1530-9},
  url = {https://doi.org/10.1007/s00265-013-1530-9},
  year = {2013},
  month = {apr},
  publisher = {Springer Science and Business Media {LLC}},
  volume = {67},
  number = {7},
  pages = {1053--1066},
  author = {Marlies Heesen and Sebastian Rogahn and Julia Ostner and Oliver Sch{\"u}lke},
  title = {Food abundance affects energy intake and reproduction in frugivorous female Assamese macaques},
  journal = {Behavioral Ecology and Sociobiology},
}

@Article{Henry_2013,
  doi = {10.1016/j.yhbeh.2013.02.009},
  url = {https://doi.org/10.1016/j.yhbeh.2013.02.009},
  year = {2013},
  month = {may},
  publisher = {Elsevier {BV}},
  volume = {63},
  number = {5},
  pages = {675--683},
  author = {MaLinda D. Henry and Sarah J. Hankerson and Jennifer M. Siani and Jeffrey A. French and James M. Dietz},
  title = {High rates of pregnancy loss by subordinates leads to high reproductive skew in wild golden lion tamarins (Leontopithecus rosalia)},
  journal = {Hormones and Behavior},
}

@Article{Hofer_2003,
  doi = {10.1023/a:1027352517231},
  url = {https://doi.org/10.1023/a:1027352517231},
  year = {2003},
  month = {jul},
  publisher = {Springer Science and Business Media {LLC}},
  volume = {17},
  number = {4},
  pages = {315--331},
  author = {Heribert Hofer and Marion L. East},
  title = {Behavioral processes and costs of co-existence in female spotted hyenas: a life history perspective},
  journal = {Evolutionary Ecology},
}

@Article{Hohenbrink_2012,
  doi = {10.3168/jds.2011-5281},
  url = {https://doi.org/10.3168/jds.2011-5281},
  year = {2012},
  month = {oct},
  publisher = {American Dairy Science Association},
  volume = {95},
  number = {10},
  pages = {5694--5701},
  author = {S. Hohenbrink and S. Meinecke-Tillmann},
  title = {Influence of social dominance on the secondary sex ratio and factors affecting hierarchy in Holstein dairy cows},
  journal = {Journal of Dairy Science},
}

@Article{Holand_2004,
  doi = {10.1017/s0952836904005382},
  url = {https://doi.org/10.1017/s0952836904005382},
  year = {2004},
  month = {aug},
  publisher = {Wiley},
  volume = {263},
  number = {4},
  pages = {365--372},
  author = {{\O} Holand and H. Gj{\o}stein and A. Losvar and J. Kumpula and M. E. Smith and K. H. R{\o}ed and M. Nieminen and R. B. Weladji},
  title = {Social rank in female reindeer (Rangifer tarandus): effects of body mass, antler size and age},
  journal = {Journal of Zoology},
}

@Article{Holand_2004a,
  doi = {10.1007/s00265-004-0827-0},
  url = {https://doi.org/10.1007/s00265-004-0827-0},
  year = {2004},
  month = {jul},
  publisher = {Springer Science and Business Media {LLC}},
  volume = {57},
  number = {1},
  pages = {69--76},
  author = {?NAystein Holand and Robert B. Weladji and Hallvard GNAjNAstein and Jouko Kumpula and Martin E. Smith and Mauri Nieminen and Knut H.NA R},
  title = {Reproductive effort in relation to maternal social rank in reindeer (Rangifer tarandus)},
  journal = {Behavioral Ecology and Sociobiology},
}

@Article{HOLEKAMP_1991,
  doi = {10.1093/icb/31.2.306},
  url = {https://doi.org/10.1093/icb/31.2.306},
  year = {1991},
  month = {apr},
  publisher = {Oxford University Press ({OUP})},
  volume = {31},
  number = {2},
  pages = {306--317},
  author = {KAY E. HOLEKAMP and LAURA SMALE},
  title = {Dominance Acquisition During Mammalian Social Development: The {\textquotedblleft}Inheritance{\textquotedblright} of Maternal Rank},
  journal = {American Zoologist},
}

@Article{HOLEKAMP_1991a,
  title = {Dominance Acquisition During Mammalian Social Development: The “Inheritance” of Maternal Rank},
  volume = {31},
  issn = {0003-1569},
  url = {http://dx.doi.org/10.1093/icb/31.2.306},
  doi = {10.1093/icb/31.2.306},
  number = {2},
  journal = {American Zoologist},
  publisher = {Oxford University Press (OUP)},
  author = {KAY E. HOLEKAMP and LAURA SMALE},
  year = {1991},
  month = {Apr},
  pages = {306–317},
}

@Article{Holekamp_1996,
  doi = {10.1530/jrf.0.1080229},
  url = {https://doi.org/10.1530/jrf.0.1080229},
  year = {1996},
  month = {nov},
  publisher = {Bioscientifica},
  volume = {108},
  number = {2},
  pages = {229--237},
  author = {K. E. Holekamp and L. Smale and M. Szykman},
  title = {Rank and reproduction in the female spotted hyaena},
  journal = {Reproduction},
}

@Article{Huang_2011,
  doi = {10.1111/j.1439-0310.2011.01909.x},
  url = {https://doi.org/10.1111/j.1439-0310.2011.01909.x},
  year = {2011},
  month = {may},
  publisher = {Wiley},
  volume = {117},
  number = {7},
  pages = {573--585},
  author = {Brian Huang and Tina W. Wey and Daniel T. Blumstein},
  title = {Correlates and Consequences of Dominance in a Social Rodent},
  journal = {Ethology},
}

@Article{Huck_1988,
  doi = {10.1016/0031-9384(88)90031-5},
  url = {https://doi.org/10.1016/0031-9384(88)90031-5},
  year = {1988},
  month = {jan},
  publisher = {Elsevier {BV}},
  volume = {44},
  number = {3},
  pages = {313--319},
  author = {U.William Huck and Robert D. Lisk and Mary V. McKay},
  title = {Social dominance and reproductive success in pregnant and lactating golden hamsters (Mesocricetus auratus) under seminatural conditions},
  journal = {Physiology {\&} Behavior},
}

@Article{Iossa_2008,
  doi = {10.1093/beheco/arn149},
  url = {https://doi.org/10.1093/beheco/arn149},
  year = {2008},
  month = {dec},
  publisher = {Oxford University Press ({OUP})},
  volume = {20},
  number = {2},
  pages = {385--395},
  author = {Graziella Iossa and Carl D. Soulsbury and Philip J. Baker and Keith J. Edwards and Stephen Harris},
  title = {Behavioral changes associated with a population density decline in the facultatively social red fox},
  journal = {Behavioral Ecology},
}

@Article{Itoigawa_1992,
  doi = {10.1007/bf02382762},
  url = {https://doi.org/10.1007/bf02382762},
  year = {1992},
  month = {jan},
  publisher = {Springer Science and Business Media {LLC}},
  volume = {33},
  number = {1},
  pages = {49--68},
  author = {N. Itoigawa and T. Tanaka and N. Ukai and H. Fujii and T. Kurokawa and T. Koyama and A. Ando and Y. Watanabe and S. Imakawa},
  title = {Demography and reproductive parameters of a free-ranging group of Japanese macaques (Macaca fuscata) at Katsuyama},
  journal = {Primates},
}

@Article{Jarvis_1981,
  doi = {10.1126/science.7209555},
  url = {https://doi.org/10.1126/science.7209555},
  year = {1981},
  month = {may},
  publisher = {American Association for the Advancement of Science ({AAAS})},
  volume = {212},
  number = {4494},
  pages = {571--573},
  author = {J. Jarvis},
  title = {Eusociality in a mammal: cooperative breeding in naked mole-rat colonies},
  journal = {Science},
}

@Article{Johnson_1987,
  doi = {10.1016/s0003-3472(87)80062-3},
  url = {https://doi.org/10.1016/s0003-3472(87)80062-3},
  year = {1987},
  month = {dec},
  publisher = {Elsevier {BV}},
  volume = {35},
  number = {6},
  pages = {1694--1708},
  author = {Julie A. Johnson},
  title = {Dominance rank in juvenile olive baboons, Papio anubis: the influence of gender, size, maternal rank and orphaning},
  journal = {Animal Behaviour},
}

@Article{Jones_1980,
  doi = {10.1007/bf02390468},
  url = {https://doi.org/10.1007/bf02390468},
  year = {1980},
  month = {jul},
  publisher = {Springer Science and Business Media {LLC}},
  volume = {21},
  number = {3},
  pages = {389--405},
  author = {Clara B. Jones},
  title = {The functions of status in the mantled howler monkey,Alouatta palliata Gray: Intraspecific competition for group membership in a folivorous neotropical primate},
  journal = {Primates},
}

@Article{Jones_2010,
  doi = {10.1111/j.1365-2656.2010.01687.x},
  url = {https://doi.org/10.1111/j.1365-2656.2010.01687.x},
  year = {2010},
  month = {apr},
  publisher = {Wiley},
  volume = {79},
  number = {6},
  pages = {1262--1269},
  author = {James Holland Jones and Michael L. Wilson and Carson Murray and Anne Pusey},
  title = {Phenotypic quality influences fertility in Gombe chimpanzees},
  journal = {Journal of Animal Ecology},
}

@Article{K_mmerli_2005,
  doi = {10.1007/s10764-005-8851-0},
  url = {https://doi.org/10.1007/s10764-005-8851-0},
  year = {2005},
  month = {dec},
  publisher = {Springer Science and Business Media {LLC}},
  volume = {26},
  number = {6},
  pages = {1229--1249},
  author = {Rolf K{\"u}mmerli and Robert D. Martin},
  title = {Male and Female Reproductive Success in Macaca sylvanus in Gibraltar: No Evidence for Rank Dependence},
  journal = {International Journal of Primatology},
}

@Article{K_mmerli_2008,
  doi = {10.1007/s10329-008-0100-7},
  url = {https://doi.org/10.1007/s10329-008-0100-7},
  year = {2008},
  month = {sep},
  publisher = {Springer Science and Business Media {LLC}},
  volume = {49},
  number = {4},
  pages = {271--282},
  author = {Rolf K{\"u}mmerli and Robert D. Martin},
  title = {Patterns of infant handling and relatedness in Barbary macaques (Macaca sylvanus) on Gibraltar},
  journal = {Primates},
}

@Article{K_nig_1994,
  doi = {10.1006/anbe.1994.1381},
  url = {https://doi.org/10.1006/anbe.1994.1381},
  year = {1994},
  month = {dec},
  publisher = {Elsevier {BV}},
  volume = {48},
  number = {6},
  pages = {1449--1457},
  author = {Barbara K{\"o}nig},
  title = {Fitness effects of communal rearing in house mice: the role of relatedness versus familiarity},
  journal = {Animal Behaviour},
}

@Article{Kalbitzer_2017,
  doi = {10.1073/pnas.1608625114},
  url = {https://doi.org/10.1073/pnas.1608625114},
  year = {2017},
  month = {feb},
  publisher = {Proceedings of the National Academy of Sciences},
  volume = {114},
  number = {8},
  pages = {1892--1897},
  author = {Urs Kalbitzer and Mackenzie L. Bergstrom and Sarah D. Carnegie and Eva C. Wikberg and Shoji Kawamura and Fernando A. Campos and Katharine M. Jack and Linda M. Fedigan},
  title = {Female sociality and sexual conflict shape offspring survival in a Neotropical primate},
  journal = {Proceedings of the National Academy of Sciences},
}

@Article{Keane_1994,
  doi = {10.1006/anbe.1994.1008},
  url = {https://doi.org/10.1006/anbe.1994.1008},
  year = {1994},
  month = {jan},
  publisher = {Elsevier {BV}},
  volume = {47},
  number = {1},
  pages = {65--75},
  author = {B. Keane and P.M. Waser and S.R. Creel and N.M. Creel and L.F. Elliott and D.J. Minchella},
  title = {Subordinate reproduction in dwarf mongooses},
  journal = {Animal Behaviour},
}

@Article{Kerhoas_2014,
  doi = {10.1093/beheco/aru099},
  url = {https://doi.org/10.1093/beheco/aru099},
  year = {2014},
  publisher = {Oxford University Press ({OUP})},
  volume = {25},
  number = {5},
  pages = {1164--1172},
  author = {Daphne Kerhoas and Dyah Perwitasari-Farajallah and Muhammad Agil and Anja Widdig and Antje Engelhardt},
  title = {Social and ecological factors influencing offspring survival in wild macaques},
  journal = {Behavioral Ecology},
}

@Article{Kinahan_2007,
  doi = {10.1007/s00265-007-0482-3},
  url = {https://doi.org/10.1007/s00265-007-0482-3},
  year = {2007},
  month = {sep},
  publisher = {Springer Science and Business Media {LLC}},
  volume = {62},
  number = {4},
  pages = {579--587},
  author = {Anouska A. Kinahan and Neville Pillay},
  title = {Dominance status influences female reproductive strategy in a territorial African rodent Rhabdomys pumilio},
  journal = {Behavioral Ecology and Sociobiology},
}

@Article{King_2002,
  doi = {10.1139/z02-205},
  url = {https://doi.org/10.1139/z02-205},
  year = {2002},
  month = {dec},
  publisher = {Canadian Science Publishing},
  volume = {80},
  number = {12},
  pages = {2137--2143},
  author = {Wendy J King and Dominique Allai {\a'e}},
  title = {Social, maternal, and environmental influences on reproductive success in female Alpine marmots (Marmota marmota)},
  journal = {Canadian Journal of Zoology},
}

@Article{Klass_2015,
  doi = {10.1002/ajp.22481},
  url = {https://doi.org/10.1002/ajp.22481},
  year = {2015},
  month = {sep},
  publisher = {Wiley},
  volume = {77},
  number = {12},
  pages = {1299--1315},
  author = {Keren Klass and Marina Cords},
  title = {Agonism and dominance in female blue monkeys},
  journal = {American Journal of Primatology},
}

@Article{Knowles_2009,
  doi = {10.1644/08-mamm-a-298r1.1},
  url = {https://doi.org/10.1644/08-mamm-a-298r1.1},
  year = {2009},
  month = {dec},
  publisher = {Oxford University Press ({OUP})},
  volume = {90},
  number = {6},
  pages = {1381--1391},
  author = {James C. Knowles and Peter J. Van Coeverden {de Groot} and Ingrid Wiesel and Peter T. Boag},
  title = {Microsatellite Variation in Namibian Brown Hyenas (Hyaena brunnea): Population Structure and Mating System Implications},
  journal = {Journal of Mammalogy},
}

@Article{Koenig_2004,
  doi = {10.1002/ajp.20084},
  url = {https://doi.org/10.1002/ajp.20084},
  year = {2004},
  publisher = {Wiley},
  volume = {64},
  number = {3},
  pages = {351--357},
  author = {Andreas Koenig and Eileen Larney and Amy Lu and Carola Borries},
  title = {Agonistic behavior and dominance relationships in female phayre{\textquotesingle}s leaf monkeys - preliminary results},
  journal = {American Journal of Primatology},
}

@Article{Koren_2009,
  doi = {10.1016/j.anbehav.2008.09.031},
  url = {https://doi.org/10.1016/j.anbehav.2008.09.031},
  year = {2009},
  month = {jan},
  publisher = {Elsevier {BV}},
  volume = {77},
  number = {1},
  pages = {233--238},
  author = {Lee Koren and Eli Geffen},
  title = {Androgens and social status in female rock hyraxes},
  journal = {Animal Behaviour},
}

@Article{Koyama_1992,
  doi = {10.1007/bf02382761},
  url = {https://doi.org/10.1007/bf02382761},
  year = {1992},
  month = {jan},
  publisher = {Springer Science and Business Media {LLC}},
  volume = {33},
  number = {1},
  pages = {33--47},
  author = {Naoki Koyama and Yukio Takahata and Michael A. Huffman and Koshi Norikoshi and Hisayo Suzuki},
  title = {Reproductive parameters of female Japanese macaques: Thirty years data from the arashiyama troops, Japan},
  journal = {Primates},
}

@Article{Lardy_2013,
  doi = {10.1016/j.anbehav.2013.09.017},
  url = {https://doi.org/10.1016/j.anbehav.2013.09.017},
  year = {2013},
  month = {dec},
  publisher = {Elsevier {BV}},
  volume = {86},
  number = {6},
  pages = {1155--1163},
  author = {Sophie Lardy and Dominique Allai {\a'e} and Aur{\a'e}lie Cohas},
  title = {Intrasexual competition and female dominance in a singular breeding mammal, the Alpine marmot},
  journal = {Animal Behaviour},
}

@Article{Lawler_2003,
  doi = {10.1046/j.1365-294x.2003.01909.x},
  url = {https://doi.org/10.1046/j.1365-294x.2003.01909.x},
  year = {2003},
  month = {jul},
  publisher = {Wiley},
  volume = {12},
  number = {9},
  pages = {2307--2317},
  author = {Richard R. Lawler and Alison F. Richard and Margaret A. Riley},
  title = {Genetic population structure of the white sifaka (Propithecus verreauxi verreauxi) at Beza Mahafaly Special Reserve, southwest Madagascar (1992{\textendash}2001)},
  journal = {Molecular Ecology},
}

@Article{le_Roux_2010,
  doi = {10.1002/ajp.20916},
  url = {https://doi.org/10.1002/ajp.20916},
  year = {2010},
  month = {dec},
  publisher = {Wiley},
  volume = {73},
  number = {5},
  pages = {422--430},
  author = {Aliza {le Roux} and Jacinta C. Beehner and Thore J. Bergman},
  title = {Female philopatry and dominance patterns in wild geladas},
  journal = {American Journal of Primatology},
}

@Article{Liu_2018,
  doi = {10.1002/ajp.22881},
  url = {https://doi.org/10.1002/ajp.22881},
  year = {2018},
  month = {jun},
  publisher = {Wiley},
  volume = {80},
  number = {7},
  pages = {e22881},
  author = {Bo-Jun Liu and Cheng-Feng Wu and Paul A. Garber and Peng Zhang and Ming Li},
  title = {Effects of group size and rank on mother-infant relationships and reproductive success in rhesus macaques (Macaca mulatta
		)},
  journal = {American Journal of Primatology},
}

@Article{Lloyd_1989,
  doi = {10.1007/bf00300187},
  url = {https://doi.org/10.1007/bf00300187},
  year = {1989},
  month = {dec},
  publisher = {Springer Science and Business Media {LLC}},
  volume = {25},
  number = {6},
  pages = {411--420},
  author = {P. H. Lloyd and O. A. E. Rasa},
  title = {Status, reproductive success and fitness in Cape mountain zebra (Equus zebra zebra)},
  journal = {Behavioral Ecology and Sociobiology},
}

@Article{Lloyd_1994,
  doi = {10.1163/156853994x00253},
  url = {https://doi.org/10.1163/156853994x00253},
  year = {1994},
  publisher = {Brill},
  volume = {128},
  number = {3-4},
  pages = {169--188},
  author = {P.H. Lloyd and O.A.E. Rasa},
  title = {Incest Avoidance and Attainment of Dominance By Females in a Cape Mountain Zebra (Equus Zebra Zebra) Population},
  journal = {Behaviour},
}

@Article{Loy_1981,
  doi = {10.1016/s0003-3472(81)80006-1},
  url = {https://doi.org/10.1016/s0003-3472(81)80006-1},
  year = {1981},
  month = {aug},
  publisher = {Elsevier {BV}},
  volume = {29},
  number = {3},
  pages = {714--726},
  author = {James Loy},
  title = {The reproductive and heterosexual behaviours of adult patas monkeys in captivity},
  journal = {Animal Behaviour},
}

@Article{LUKAS_2005,
  doi = {10.1111/j.1365-294x.2005.02560.x},
  url = {https://doi.org/10.1111/j.1365-294x.2005.02560.x},
  year = {2005},
  month = {apr},
  publisher = {Wiley},
  volume = {14},
  number = {7},
  pages = {2181--2196},
  author = {D. LUKAS and V. REYNOLDS and C. BOESCH and L. VIGILANT},
  title = {To what extent does living in a group mean living with kin?},
  journal = {Molecular Ecology},
}

@Article{Macdonald_1997,
  doi = {10.1163/156853997x00179},
  url = {https://doi.org/10.1163/156853997x00179},
  year = {1997},
  publisher = {Brill},
  volume = {134},
  number = {11-12},
  pages = {827--848},
  author = {David W. Macdonald and Sean P. Doolan},
  title = {Band Structure and Failures of Reproductive Suppression in a Cooperatively Breeding Carnivore, the Slender-Tailed Meerkat (Suricata Suricatta)},
  journal = {Behaviour},
}

@Article{MacLeod_2013,
  doi = {10.1016/j.anbehav.2012.12.028},
  url = {https://doi.org/10.1016/j.anbehav.2012.12.028},
  year = {2013},
  month = {mar},
  publisher = {Elsevier {BV}},
  volume = {85},
  number = {3},
  pages = {645--653},
  author = {K.J. MacLeod and T.H. Clutton-Brock},
  title = {No evidence for adaptive sex ratio variation in the cooperatively breeding meerkat, Suricata suricatta},
  journal = {Animal Behaviour},
}

@Article{Maestripieri_2001,
  doi = {10.1159/000049920},
  url = {https://doi.org/10.1159/000049920},
  year = {2001},
  publisher = {S. Karger {AG}},
  volume = {72},
  number = {1},
  pages = {44--47},
  author = {Dario Maestripieri},
  title = {Female-Biased Maternal Investment in Rhesus Macaques},
  journal = {Folia Primatologica},
}

@Article{Malcolm_1982,
  doi = {10.1007/bf00296390},
  url = {https://doi.org/10.1007/bf00296390},
  year = {1982},
  month = {feb},
  publisher = {Springer Science and Business Media {LLC}},
  volume = {10},
  number = {1},
  pages = {1--13},
  author = {J. R. Malcolm and Ken Marten},
  title = {Natural selection and the communal rearing of pups in African wild dogs (Lycaon pictus)},
  journal = {Behavioral Ecology and Sociobiology},
}

@Article{McFarland_2017,
  doi = {10.1016/j.anbehav.2017.02.002},
  url = {https://doi.org/10.1016/j.anbehav.2017.02.002},
  year = {2017},
  month = {apr},
  publisher = {Elsevier {BV}},
  volume = {126},
  pages = {101--106},
  author = {Richard McFarland and Derek Murphy and David Lusseau and S. Peter Henzi and Jessica L. Parker and Thomas V. Pollet and Louise Barrett},
  title = {The `strength of weak ties' among female baboons: fitness-related benefits of social bonds},
  journal = {Animal Behaviour},
}

@Article{Meikle_1984,
  doi = {10.1086/284262},
  url = {https://doi.org/10.1086/284262},
  year = {1984},
  month = {aug},
  publisher = {University of Chicago Press},
  volume = {124},
  number = {2},
  pages = {173--188},
  author = {D. B. Meikle and B. L. Tilford and S. H. Vessey},
  title = {Dominance Rank, Secondary Sex Ratio, and Reproduction of Offspring in Polygynous Primates},
  journal = {The American Naturalist},
}

@Article{Meikle_1988,
  doi = {10.1007/bf00294974},
  url = {https://doi.org/10.1007/bf00294974},
  year = {1988},
  month = {jun},
  publisher = {Springer Science and Business Media {LLC}},
  volume = {22},
  number = {6},
  pages = {379--383},
  author = {Douglas B. Meikle and Stephen H. Vessey},
  title = {Maternal dominance rank and lifetime survivorship of male and female rhesus monkeys},
  journal = {Behavioral Ecology and Sociobiology},
}

@Article{Meikle_2010,
  doi = {10.1111/j.1439-0310.1996.tb01174.x},
  url = {https://doi.org/10.1111/j.1439-0310.1996.tb01174.x},
  year = {2010},
  month = {apr},
  publisher = {Wiley},
  volume = {102},
  number = {8},
  pages = {969--978},
  author = {Douglas B. Meikle and Lee C. Drickamer and Stephen H. Vessey and Robert D. Arthur and Thomas L. Rosenthal},
  title = {Dominance Rank and Parental Investment in Swine (Sus scrofa domesticus)},
  journal = {Ethology},
}

@Article{Mendl_1995,
  doi = {10.1016/0003-3472(95)80051-4},
  url = {https://doi.org/10.1016/0003-3472(95)80051-4},
  year = {1995},
  publisher = {Elsevier {BV}},
  volume = {50},
  number = {5},
  pages = {1361--1370},
  author = {Michael Mendl and Adroaldo J. Zanella and Donald M. Broom and Colin T. Whittemore},
  title = {Maternal social status and birth sex ratio in domestic pigs: an analysis of mechanisms},
  journal = {Animal Behaviour},
}

@Article{Metrione_2007,
  doi = {10.1002/zoo.20143},
  url = {https://doi.org/10.1002/zoo.20143},
  year = {2007},
  month = {jul},
  publisher = {Wiley},
  volume = {26},
  number = {6},
  pages = {487--502},
  author = {Lara C. Metrione and Linda M. Penfold and George H. Waring},
  title = {Social and spatial relationships in captive southern white rhinoceros (Ceratotherium simum simum)},
  journal = {Zoo Biology},
}

@Article{Metrione_2011,
  doi = {10.1016/j.ygcen.2011.02.010},
  url = {https://doi.org/10.1016/j.ygcen.2011.02.010},
  year = {2011},
  month = {may},
  publisher = {Elsevier {BV}},
  volume = {171},
  number = {3},
  pages = {283--292},
  author = {Lara C. Metrione and John D. Harder},
  title = {Fecal corticosterone concentrations and reproductive success in captive female southern white rhinoceros},
  journal = {General and Comparative Endocrinology},
}

@Article{Michel_2015,
  doi = {10.1371/journal.pone.0136034},
  url = {https://doi.org/10.1371/journal.pone.0136034},
  year = {2015},
  month = {aug},
  publisher = {Public Library of Science ({PLoS})},
  volume = {10},
  number = {8},
  pages = {e0136034},
  author = {Eric S. Michel and Stephen Demarais and Bronson K. Strickland and Jerrold L. Belant},
  editor = {Tapio Mappes},
  title = {Contrasting the Effects of Maternal and Behavioral Characteristics on Fawn Birth Mass in White-Tailed Deer},
  journal = {{PLOS} {ONE}},
}

@Article{Mitchell_1991,
  doi = {10.1007/bf00172139},
  url = {https://doi.org/10.1007/bf00172139},
  year = {1991},
  month = {jan},
  publisher = {Springer Science and Business Media {LLC}},
  volume = {28},
  number = {1},
  pages = {55--60},
  author = {Carol L. Mitchell and Sue Boinski and Carel P. {van Schaik}},
  title = {Competitive regimes and female bonding in two species of squirrel monkeys (Saimiri oerstedi and S. sciureus)},
  journal = {Behavioral Ecology and Sociobiology},
}

@Article{Modolo_2007,
  doi = {10.1002/ajp.20452},
  url = {https://doi.org/10.1002/ajp.20452},
  year = {2007},
  publisher = {Wiley},
  volume = {70},
  number = {1},
  pages = {26--34},
  author = {Lara Modolo and Robert D. Martin},
  title = {Reproductive success in relation to dominance rank in the absence of prime-age males in Barbary macaques},
  journal = {American Journal of Primatology},
}

@Article{Morales_Pi_eyr_a_2014,
  doi = {10.1016/j.beproc.2014.03.004},
  url = {https://doi.org/10.1016/j.beproc.2014.03.004},
  year = {2014},
  month = {jun},
  publisher = {Elsevier {BV}},
  volume = {105},
  pages = {49--52},
  author = {J{\a'e}ssica Tatiana Morales-Pi{\~n}eyr{\a'u}a and Gabriel Ciappesoni and Rodolfo Ungerfeld},
  title = {Social rank and reproductive performance of pampas deer females (Ozotoceros bezoarticus, Linnaeus, 1758)},
  journal = {Behavioural Processes},
}

@Article{Mykytowycz_1959,
  doi = {10.1071/cwr9590001},
  url = {https://doi.org/10.1071/cwr9590001},
  year = {1959},
  publisher = {{CSIRO} Publishing},
  volume = {4},
  number = {1},
  pages = {1},
  author = {R Mykytowycz},
  title = {Social behaviour of an experimental colony of wild rabbits, Oryctolagus cuniculus (L.) {II}. First breeding season},
  journal = {{CSIRO} Wildlife Research},
}

@Article{Nakagawa_2015,
  doi = {10.1086/679448},
  url = {https://doi.org/10.1086/679448},
  year = {2015},
  month = {feb},
  publisher = {University of Chicago Press},
  volume = {56},
  number = {1},
  pages = {104--120},
  author = {Naofumi Nakagawa and Miki Matsubara and Yukiko Shimooka and Mari Nishikawa},
  title = {Embracing in a Wild Group of Yakushima Macaques (Macaca fuscata yakui) as an Example of Social Customs},
  journal = {Current Anthropology},
}

@Article{Nelson_1986,
  doi = {10.1071/wr9860501},
  url = {https://doi.org/10.1071/wr9860501},
  year = {1986},
  publisher = {{CSIRO} Publishing},
  volume = {13},
  number = {4},
  pages = {501},
  author = {JE Nelson and A Goldstone},
  title = {Reproduction in Peradorcas-Concinna (Marsupialia, Macropodidae)},
  journal = {Wildlife Research},
}

@Article{Nichols_2010,
  doi = {10.1016/j.anbehav.2010.06.025},
  url = {https://doi.org/10.1016/j.anbehav.2010.06.025},
  year = {2010},
  month = {oct},
  publisher = {Elsevier {BV}},
  volume = {80},
  number = {4},
  pages = {649--657},
  author = {Hazel J. Nichols and William Amos and Michael A. Cant and Matthew B.V. Bell and Sarah J. Hodge},
  title = {Top males gain high reproductive success by guarding more successful females in a cooperatively breeding mongoose},
  journal = {Animal Behaviour},
}

@Article{Nichols_2012,
  doi = {10.1111/mec.12015},
  url = {https://doi.org/10.1111/mec.12015},
  year = {2012},
  month = {sep},
  publisher = {Wiley},
  volume = {21},
  number = {21},
  pages = {5348--5362},
  author = {Hazel J. Nichols and Neil R. Jordan and Gabriel A. Jamie and Michael A. Cant and Joseph I. Hoffman},
  title = {Fine-scale spatiotemporal patterns of genetic variation reflect budding dispersal coupled with strong natal philopatry in a cooperatively breeding mammal},
  journal = {Molecular Ecology},
}

@Article{Nichols_2012a,
  doi = {10.1093/beheco/ars008},
  url = {https://doi.org/10.1093/beheco/ars008},
  year = {2012},
  month = {feb},
  publisher = {Oxford University Press ({OUP})},
  volume = {23},
  number = {3},
  pages = {635--642},
  author = {H. J. Nichols and M. B. V. Bell and S. J. Hodge and M. A. Cant},
  title = {Resource limitation moderates the adaptive suppression of subordinate breeding in a cooperatively breeding mongoose},
  journal = {Behavioral Ecology},
}

@Article{Nieuwenhuijsen_1985,
  doi = {10.1007/bf02693697},
  url = {https://doi.org/10.1007/bf02693697},
  year = {1985},
  month = {feb},
  publisher = {Springer Science and Business Media {LLC}},
  volume = {6},
  number = {1},
  pages = {77--99},
  author = {Kees Nieuwenhuijsen and Ad J. J. C. Lammers and Karel J. {de Neef} and A. Koos Slob},
  title = {Reproduction and social rank in female stumptail Macaques (Macaca arctoides)},
  journal = {International Journal of Primatology},
}

@Article{Nunn_2000,
  doi = {10.1007/s002650000206},
  url = {https://doi.org/10.1007/s002650000206},
  year = {2000},
  month = {jun},
  publisher = {Springer Science and Business Media {LLC}},
  volume = {48},
  number = {1},
  pages = {18--28},
  author = {C. L. Nunn and Michael E. Pereira},
  title = {Group histories and offspring sex ratios in ringtailed lemurs ( Lemur catta )},
  journal = {Behavioral Ecology and Sociobiology},
}

@Article{NUSSEY_2005,
  doi = {10.1111/j.1365-294x.2005.02692.x},
  url = {https://doi.org/10.1111/j.1365-294x.2005.02692.x},
  year = {2005},
  month = {oct},
  publisher = {Wiley},
  volume = {14},
  number = {11},
  pages = {3395--3405},
  author = {D. H. NUSSEY and D. W. COLTMAN and T. COULSON and L. E. B. KRUUK and A. DONALD and S. J. MORRIS and T. H. CLUTTON-BROCK and J. PEMBERTON},
  title = {Rapidly declining fine-scale spatial genetic structure in female red deer},
  journal = {Molecular Ecology},
}

@Article{OWENS_1996,
  doi = {10.1006/anbe.1996.0058},
  url = {https://doi.org/10.1006/anbe.1996.0058},
  year = {1996},
  month = {mar},
  publisher = {Elsevier {BV}},
  volume = {51},
  number = {3},
  pages = {535--551},
  author = {DELIA OWENS and MARK OWENS},
  title = {Social dominance and reproductive patterns in brown hyaenas,Hyaena brunnea, of the central Kalahari desert},
  journal = {Animal Behaviour},
}

@Article{Packer_1995,
  doi = {10.1038/373060a0},
  url = {https://doi.org/10.1038/373060a0},
  year = {1995},
  month = {jan},
  publisher = {Springer Science and Business Media {LLC}},
  volume = {373},
  number = {6509},
  pages = {60--63},
  author = {Craig Packer and D. A. Collins and A. Sindimwo and J. Goodall},
  title = {Reproductive constraints on aggressive competition in female baboons},
  journal = {Nature},
}

@Article{Parga_2015,
  doi = {10.1159/000369386},
  url = {https://doi.org/10.1159/000369386},
  year = {2015},
  month = {may},
  publisher = {S. Karger {AG}},
  volume = {86},
  number = {1-2},
  pages = {66--75},
  author = {Joyce A. Parga and Michelle L. Sauther and Frank P. Cuozzo and Ibrahim Antho Youssouf Jacky and Lisa Gould and Robert W. Sussman and Richard R. Lawler and Jennifer Pastorini},
  title = {Genetic Evidence for Male and Female Dispersal in Wild $\less$b$\greater$$\less$i$\greater$Lemur catta$\less$/i$\greater$$\less$/b$\greater$},
  journal = {Folia Primatologica},
}

@Article{Patil_2015,
  doi = {10.1371/journal.pone.0119081},
  url = {https://doi.org/10.1371/journal.pone.0119081},
  year = {2015},
  month = {mar},
  publisher = {Public Library of Science ({PLoS})},
  volume = {10},
  number = {3},
  pages = {e0119081},
  author = {Vijay P. Patil and Timothy J. Karels and David S. Hik},
  editor = {Jane M Waterman},
  title = {Ecological, Evolutionary and Social Constraints on Reproductive Effort: Are Hoary Marmots Really Biennial Breeders?},
  journal = {{PLOS} {ONE}},
}

@Article{Paul_1984,
  doi = {10.1159/000156140},
  url = {https://doi.org/10.1159/000156140},
  year = {1984},
  publisher = {S. Karger {AG}},
  volume = {42},
  number = {1},
  pages = {2--16},
  author = {Andreas Paul and Dieter Thommen},
  title = {Timing of Birth, Female Reproductive Success and Infant Sex Ratio in Semifree-Ranging Barbary Macaques $\less$i$\greater$(Macaca sylvanus)$\less$/i$\greater$},
  journal = {Folia Primatologica},
}

@Article{Paul_1987,
  doi = {10.1007/bf00299970},
  url = {https://doi.org/10.1007/bf00299970},
  year = {1987},
  month = {nov},
  publisher = {Springer Science and Business Media {LLC}},
  volume = {21},
  number = {5},
  pages = {323--331},
  author = {Andreas Paul and Jutta Kuester},
  title = {Dominance, kinship and reproductive value in female Barbary macaques (Macaca sylvanus) at Affenberg Salem},
  journal = {Behavioral Ecology and Sociobiology},
}

@Article{Pluh_ek_2006,
  doi = {10.1016/j.applanim.2005.11.003},
  url = {https://doi.org/10.1016/j.applanim.2005.11.003},
  year = {2006},
  month = {sep},
  publisher = {Elsevier {BV}},
  volume = {99},
  number = {3-4},
  pages = {315--329},
  author = {Jan Pluh{\a'a}{\v c}ek and Lud{\v e}k Bart {\v s} and Lud{\v e}k {\v C}ul\'\ik},
  title = {High-ranking mares of captive plains zebra Equus burchelli have greater reproductive success than low-ranking mares},
  journal = {Applied Animal Behaviour Science},
}

@Article{Pratt_1989,
  doi = {10.1530/jrf.0.0870763},
  url = {https://doi.org/10.1530/jrf.0.0870763},
  year = {1989},
  month = {nov},
  publisher = {Bioscientifica},
  volume = {87},
  number = {2},
  pages = {763--769},
  author = {N. C. Pratt and R. D. Lisk},
  title = {Effects of social stress during early pregnancy on litter size and sex ratio in the golden hamster (Mesocricetus auratus)},
  journal = {Reproduction},
}

@Article{Pusey_1997,
  doi = {10.1126/science.277.5327.828},
  url = {https://doi.org/10.1126/science.277.5327.828},
  year = {1997},
  month = {aug},
  publisher = {American Association for the Advancement of Science ({AAAS})},
  volume = {277},
  number = {5327},
  pages = {828--831},
  author = {A. Pusey},
  title = {The Influence of Dominance Rank on the Reproductive Success of Female Chimpanzees},
  journal = {Science},
}

@Article{Randall_2007,
  doi = {10.1093/beheco/arm010},
  url = {https://doi.org/10.1093/beheco/arm010},
  year = {2007},
  month = {mar},
  publisher = {Oxford University Press ({OUP})},
  volume = {18},
  number = {3},
  pages = {579--589},
  author = {Deborah A. Randall and John P. Pollinger and Robert K. Wayne and Lucy A. Tallents and Paul J. Johnson and David W. Macdonald},
  title = {Inbreeding is reduced by female-biased dispersal and mating behavior in Ethiopian wolves},
  journal = {Behavioral Ecology},
}

@Article{Rhine_1992,
  doi = {10.1002/ajp.1350270404},
  url = {https://doi.org/10.1002/ajp.1350270404},
  year = {1992},
  publisher = {Wiley},
  volume = {27},
  number = {4},
  pages = {261--273},
  author = {Ramon J. Rhine and Guy W. Norton and Jeffrey Rogers and Samuel K. Wasser},
  title = {Secondary sex ratio and maternal dominance rank among wild yellow baboons (Papio cynocephalus) of Mikumi National Park, Tanzania},
  journal = {American Journal of Primatology},
}

@Article{Rhine_1994,
  doi = {10.1002/ajp.1350320207},
  url = {https://doi.org/10.1002/ajp.1350320207},
  year = {1994},
  publisher = {Wiley},
  volume = {32},
  number = {2},
  pages = {145--148},
  author = {Ramon J. Rhine},
  title = {A twenty-one-year study of maternal dominance and secondary sex ratio in a colony group of stumptailed macaques (Macaca arctoides)},
  journal = {American Journal of Primatology},
}

@Article{Robbins_2005,
  doi = {10.1163/1568539054729123},
  url = {https://doi.org/10.1163/1568539054729123},
  year = {2005},
  publisher = {Brill},
  volume = {142},
  number = {6},
  pages = {779--809},
  author = {Martha M. Robbins and Netzin Gerald-Steklis and Andew M. Robbins and H. Dieter Steklis},
  title = {Long-term dominance relationships in female mountain gorillas: strength, stability and determinants of rank},
  journal = {Behaviour},
}

@Article{Robbins_2007,
  doi = {10.1007/s00265-006-0321-y},
  url = {https://doi.org/10.1007/s00265-006-0321-y},
  year = {2007},
  month = {jan},
  publisher = {Springer Science and Business Media {LLC}},
  volume = {61},
  number = {6},
  pages = {919--931},
  author = {Martha M. Robbins and Andrew M. Robbins and Netzin Gerald-Steklis and H. Dieter Steklis},
  title = {Socioecological influences on the reproductive success of female mountain gorillas (Gorilla beringei beringei)},
  journal = {Behavioral Ecology and Sociobiology},
}

@Article{Robbins_2011,
  doi = {10.1002/ajpa.21605},
  url = {https://doi.org/10.1002/ajpa.21605},
  year = {2011},
  month = {oct},
  publisher = {Wiley},
  volume = {146},
  number = {4},
  pages = {582--593},
  author = {Andrew M. Robbins and Tara Stoinski and Katie Fawcett and Martha M. Robbins},
  title = {Lifetime reproductive success of female mountain gorillas},
  journal = {American Journal of Physical Anthropology},
}

@Article{Roberts_2013,
  doi = {10.1007/s00265-013-1607-5},
  url = {https://doi.org/10.1007/s00265-013-1607-5},
  year = {2013},
  month = {jul},
  publisher = {Springer Science and Business Media {LLC}},
  volume = {67},
  number = {12},
  pages = {1995--2009},
  author = {Su-Jen Roberts and Marina Cords},
  title = {Group size but not dominance rank predicts the probability of conception in a frugivorous primate},
  journal = {Behavioral Ecology and Sociobiology},
}

@Article{Ron_1996,
  doi = {10.1163/156853996x00549},
  url = {https://doi.org/10.1163/156853996x00549},
  year = {1996},
  publisher = {Brill},
  volume = {133},
  number = {5-6},
  pages = {475--490},
  author = {Tamar Ron and S. Peter Henzi and Uzi Motro},
  title = {Do Female Chacma Baboons Compete for a Safe Spatial Position in a Southern Woodland Habitat?},
  journal = {Behaviour},
}

@Article{Rood_1980,
  doi = {10.1016/s0003-3472(80)80019-4},
  url = {https://doi.org/10.1016/s0003-3472(80)80019-4},
  year = {1980},
  month = {feb},
  publisher = {Elsevier {BV}},
  volume = {28},
  number = {1},
  pages = {143--150},
  author = {Jon P. Rood},
  title = {Mating relationships and breeding suppression in the dwarf mongoose},
  journal = {Animal Behaviour},
}

@Article{Rothe_2010,
  doi = {10.1111/j.1439-0310.1975.tb00880.x},
  url = {https://doi.org/10.1111/j.1439-0310.1975.tb00880.x},
  year = {2010},
  month = {apr},
  publisher = {Wiley},
  volume = {37},
  number = {3},
  pages = {255--273},
  author = {Hartmut Rothe},
  title = {Some Aspects of Sexuality and Reproduction in Groups of Captive Marmosets (Callithrix jacchus)},
  journal = {Zeitschrift für Tierpsychologie},
}

@Article{Ruiter_1998,
  doi = {10.1098/rspb.1998.0267},
  url = {https://doi.org/10.1098/rspb.1998.0267},
  year = {1998},
  month = {jan},
  publisher = {The Royal Society},
  volume = {265},
  number = {1391},
  pages = {79--87},
  author = {J.R.D Ruiter and E. Geffen},
  title = {Relatedness of matrilines, dispersing males and social groups in long{\textendash}tailed macaques (Macaca fascicularis)},
  journal = {Proceedings of the Royal Society of London. Series B: Biological Sciences},
}

@Article{Russell_2004,
  doi = {10.1111/j.0014-3820.2004.tb01739.x},
  url = {https://doi.org/10.1111/j.0014-3820.2004.tb01739.x},
  year = {2004},
  month = {jul},
  publisher = {Wiley},
  volume = {58},
  number = {7},
  pages = {1600--1607},
  author = {Andrew F. Russell and Anne A. Carlson and Grant M. McIlrath and Neil R. Jordan and Tim Clutton-Brock},
  title = {{ADAPTIVE} {SIZE} {MODIFICATION} {BY} {DOMINANT} {FEMALE} {MEERKATS}},
  journal = {Evolution},
}

@Article{Rusu_2004,
  doi = {10.1007/s00265-004-0787-4},
  url = {https://doi.org/10.1007/s00265-004-0787-4},
  year = {2004},
  month = {apr},
  publisher = {Springer Science and Business Media {LLC}},
  volume = {56},
  number = {3},
  author = {AlinaS. Rusu and Sven Krackow},
  title = {Kin-preferential cooperation, dominance-dependent reproductive skew, and competition for mates in communally nesting female house mice},
  journal = {Behavioral Ecology and Sociobiology},
}

@Article{Sanderson_2015,
  doi = {10.1098/rsbl.2015.0620},
  url = {https://doi.org/10.1098/rsbl.2015.0620},
  year = {2015},
  month = {oct},
  publisher = {The Royal Society},
  volume = {11},
  number = {10},
  pages = {20150620},
  author = {J. L. Sanderson and H. J. Nichols and H. H. Marshall and E. I. K. Vitikainen and F. J. Thompson and S. L. Walker and M. A. Cant and A. J. Young},
  title = {Elevated glucocorticoid concentrations during gestation predict reduced reproductive success in subordinate female banded mongooses},
  journal = {Biology Letters},
}

@Article{Santiago_Moreno_2007,
  doi = {10.1071/rd06122},
  url = {https://doi.org/10.1071/rd06122},
  year = {2007},
  publisher = {{CSIRO} Publishing},
  volume = {19},
  number = {3},
  pages = {436},
  author = {J. Santiago-Moreno and A. G{\a'o}mez-Brunet and A. Toledano-D\'\iaz and A. Pulido-Pastor and A. L{\a'o}pez-Sebasti{\a'a}n},
  title = {Social dominance and breeding activity in Spanish ibex (Capra pyrenaica) maintained in captivity},
  journal = {Reproduction, Fertility and Development},
}

@Article{Schilder_1987,
  doi = {10.1016/0168-1591(87)90253-x},
  url = {https://doi.org/10.1016/0168-1591(87)90253-x},
  year = {1987},
  month = {jul},
  publisher = {Elsevier {BV}},
  volume = {18},
  number = {1},
  pages = {45--56},
  author = {Matthijs B.H. Schilder and Pieter L. Boer},
  title = {Ethological investigations on a herd of plains zebra in a safari park: Time-budgets, reproduction and food competition},
  journal = {Applied Animal Behaviour Science},
}

@Article{Schultz_1993,
  doi = {10.1037/0735-7036.107.2.216},
  url = {https://doi.org/10.1037/0735-7036.107.2.216},
  year = {1993},
  publisher = {American Psychological Association ({APA})},
  volume = {107},
  number = {2},
  pages = {216--222},
  author = {Lori A. Schultz and Richard K. Lore},
  title = {Communal reproductive success in rats (Rattus norvegicus): Effects of group composition and prior social experience.},
  journal = {Journal of Comparative Psychology},
}

@Article{Setchell_2005,
  doi = {10.1007/s00265-005-0946-2},
  url = {https://doi.org/10.1007/s00265-005-0946-2},
  year = {2005},
  month = {may},
  publisher = {Springer Science and Business Media {LLC}},
  volume = {58},
  number = {5},
  pages = {474--485},
  author = {Joanna M. Setchell and Marie Charpentier and E. Jean Wickings},
  title = {Sexual selection and reproductive careers in mandrills (Mandrillus sphinx)},
  journal = {Behavioral Ecology and Sociobiology},
}

@Article{Shafer_2012,
  doi = {10.1890/11-0815.1},
  url = {https://doi.org/10.1890/11-0815.1},
  year = {2012},
  month = {jun},
  publisher = {Wiley},
  volume = {93},
  number = {6},
  pages = {1317--1329},
  author = {Aaron B. A. Shafer and Joseph M. Northrup and Kevin S. White and Mark S. Boyce and Steeve D. C{\^o} {\a'e} and David W. Coltman},
  title = {Habitat selection predicts genetic relatedness in an alpine ungulate},
  journal = {Ecology},
}

@Article{Shargal_2008,
  doi = {10.1016/j.theriogenology.2007.11.017},
  url = {https://doi.org/10.1016/j.theriogenology.2007.11.017},
  year = {2008},
  month = {apr},
  publisher = {Elsevier {BV}},
  volume = {69},
  number = {6},
  pages = {673--680},
  author = {D. Shargal and L. Shore and N. Roteri and A. Terkel and Y. Zorovsky and M. Shemesh and Y. Steinberger},
  title = {Fecal testosterone is elevated in high ranking female ibexes (Capra nubiana) and associated with increased aggression and a preponderance of male offspring},
  journal = {Theriogenology},
}

@Article{Silk_1981,
  doi = {10.1016/s0003-3472(81)80063-2},
  url = {https://doi.org/10.1016/s0003-3472(81)80063-2},
  year = {1981},
  month = {nov},
  publisher = {Elsevier {BV}},
  volume = {29},
  number = {4},
  pages = {1106--1120},
  author = {Joan B. Silk and Cathleen B. Clark-Wheatley and Peter S. Rodman and Amy Samuels},
  title = {Differential reproductive success and facultative adjustment of sex ratios among captive female bonnet macaques (Macaca radiata)},
  journal = {Animal Behaviour},
}

@Article{Silk_1999,
  doi = {10.1163/156853999501522},
  url = {https://doi.org/10.1163/156853999501522},
  year = {1999},
  publisher = {Brill},
  volume = {136},
  number = {6},
  pages = {679--703},
  author = {Joan Silk and Dorothy Cheney and Robert Seyfarth},
  title = {{THE} {STRUCTURE} {OF} {SOCIAL} {RELATIONSHIPS} {AMONG} {FEMALE} {SAVANNA} {BABOONS} {IN} {MOREMI} {RESERVE}, {BOTSWANA}},
  journal = {Behaviour},
}

@Article{Silk_2003,
  doi = {10.1126/science.1088580},
  url = {https://doi.org/10.1126/science.1088580},
  year = {2003},
  month = {nov},
  publisher = {American Association for the Advancement of Science ({AAAS})},
  volume = {302},
  number = {5648},
  pages = {1231--1234},
  author = {J. B. Silk},
  title = {Social Bonds of Female Baboons Enhance Infant Survival},
  journal = {Science},
}

@Article{Silk_2010,
  doi = {10.1016/j.cub.2010.05.067},
  url = {https://doi.org/10.1016/j.cub.2010.05.067},
  year = {2010},
  month = {aug},
  publisher = {Elsevier {BV}},
  volume = {20},
  number = {15},
  pages = {1359--1361},
  author = {Joan B. Silk and Jacinta C. Beehner and Thore J. Bergman and Catherine Crockford and Anne L. Engh and Liza R. Moscovice and Roman M. Wittig and Robert M. Seyfarth and Dorothy L. Cheney},
  title = {Strong and Consistent Social Bonds Enhance the Longevity of Female Baboons},
  journal = {Current Biology},
}

@Article{Simpson_1982,
  doi = {10.1038/300440a0},
  url = {https://doi.org/10.1038/300440a0},
  year = {1982},
  month = {dec},
  publisher = {Springer Science and Business Media {LLC}},
  volume = {300},
  number = {5891},
  pages = {440--441},
  author = {M. J. A. Simpson and A. E. Simpson},
  title = {Birth sex ratios and social rank in rhesus monkey mothers},
  journal = {Nature},
}

@Article{Small_1986,
  doi = {10.1002/ajp.1350110406},
  url = {https://doi.org/10.1002/ajp.1350110406},
  year = {1986},
  publisher = {Wiley},
  volume = {11},
  number = {4},
  pages = {359--365},
  author = {Meredith F. Small and Sarah Blaffer Hrdy},
  title = {Secondary sex ratios by maternal rank, parity, and age in captive rhesus macaques (Macaca mulatta)},
  journal = {American Journal of Primatology},
}

@Article{Smuts_1989,
  doi = {10.1002/ajp.1350190405},
  url = {https://doi.org/10.1002/ajp.1350190405},
  year = {1989},
  publisher = {Wiley},
  volume = {19},
  number = {4},
  pages = {229--246},
  author = {Barbara Smuts and Nancy Nicolson},
  title = {Reproduction in wild female olive baboons},
  journal = {American Journal of Primatology},
}

@Article{Snyder_Mackler_2014,
  doi = {10.1111/mec.12987},
  url = {https://doi.org/10.1111/mec.12987},
  year = {2014},
  month = {nov},
  publisher = {Wiley},
  volume = {23},
  number = {24},
  pages = {6179--6191},
  author = {Noah Snyder-Mackler and Susan C. Alberts and Thore J. Bergman},
  title = {The socio-genetics of a complex society: female gelada relatedness patterns mirror association patterns in a multilevel society},
  journal = {Molecular Ecology},
}

@Article{Sousa_2005,
  doi = {10.1002/ajp.20168},
  url = {https://doi.org/10.1002/ajp.20168},
  year = {2005},
  publisher = {Wiley},
  volume = {67},
  number = {1},
  pages = {37--50},
  author = {Maria Bernardete Cordeiro Sousa and Ana Claudia Sales {da Rocha Albuquerque} and Fabiola {da Silva Albuquerque} and Arrilton Araujo and Maria Emilia Yamamoto and Maria {de Fatima Arruda}},
  title = {Behavioral strategies and hormonal profiles of dominant and subordinate common marmoset (Callithrix jacchus) females in wild monogamous groups},
  journal = {American Journal of Primatology},
}

@Article{Sparkman_2010,
  doi = {10.1093/beheco/arq194},
  url = {https://doi.org/10.1093/beheco/arq194},
  year = {2010},
  month = {dec},
  publisher = {Oxford University Press ({OUP})},
  volume = {22},
  number = {1},
  pages = {199--205},
  author = {Amanda M. Sparkman and Jennifer R. Adams and Todd D. Steury and Lisette P. Waits and Dennis L. Murray},
  title = {Direct fitness benefits of delayed dispersal in the cooperatively breeding red wolf (Canis rufus)},
  journal = {Behavioral Ecology},
}

@Article{Spiering_2009,
  doi = {10.1007/s00265-009-0875-6},
  url = {https://doi.org/10.1007/s00265-009-0875-6},
  year = {2009},
  month = {nov},
  publisher = {Springer Science and Business Media {LLC}},
  volume = {64},
  number = {4},
  pages = {583--592},
  author = {Penny A. Spiering and Michael J. Somers and Jes{\a'u}s E. Maldonado and David E. Wildt and Micaela Szykman Gunther},
  title = {Reproductive sharing and proximate factors mediating cooperative breeding in the African wild dog (Lycaon pictus)},
  journal = {Behavioral Ecology and Sociobiology},
}

@Article{Stanton_2017,
  doi = {10.1016/j.jhevol.2017.07.012},
  url = {https://doi.org/10.1016/j.jhevol.2017.07.012},
  year = {2017},
  month = {oct},
  publisher = {Elsevier {BV}},
  volume = {111},
  pages = {152--162},
  author = {Margaret A. Stanton and Elizabeth V. Lonsdorf and Anne E. Pusey and Carson M. Murray},
  title = {Do juveniles help or hinder? Influence of juvenile offspring on maternal behavior and reproductive outcomes in wild chimpanzees (Pan troglodytes)},
  journal = {Journal of Human Evolution},
}

@Article{Strauss_2019,
  doi = {10.1073/pnas.1810384116},
  url = {https://doi.org/10.1073/pnas.1810384116},
  year = {2019},
  month = {mar},
  publisher = {Proceedings of the National Academy of Sciences},
  volume = {116},
  number = {18},
  pages = {8919--8924},
  author = {Eli D. Strauss and Kay E. Holekamp},
  title = {Social alliances improve rank and fitness in convention-based societies},
  journal = {Proceedings of the National Academy of Sciences},
}

@Article{Stucki_1991,
  doi = {10.1002/ajpa.1330840208},
  url = {https://doi.org/10.1002/ajpa.1330840208},
  year = {1991},
  month = {feb},
  publisher = {Wiley},
  volume = {84},
  number = {2},
  pages = {181--191},
  author = {Barbara R. Stucki and Malcolm M. Dow and Donald Stone Sade},
  title = {Variance in intrinsic rates of growth among free-ranging rhesus monkey groups},
  journal = {American Journal of Physical Anthropology},
}

@Article{Sugiyama_1982,
  doi = {10.1159/000156080},
  url = {https://doi.org/10.1159/000156080},
  year = {1982},
  publisher = {S. Karger {AG}},
  volume = {39},
  number = {3-4},
  pages = {238--263},
  author = {Yukimaru Sugiyama and Hideyuki Ohsawa},
  title = {Population Dynamics of Japanese Monkeys with Special Reference to the Effect of Artificial Feeding},
  journal = {Folia Primatologica},
}

@Article{SURRIDGE_1999,
  doi = {10.1046/j.1365-294x.1999.00570.x},
  url = {https://doi.org/10.1046/j.1365-294x.1999.00570.x},
  year = {1999},
  month = {feb},
  publisher = {Wiley},
  volume = {8},
  number = {2},
  pages = {299--307},
  author = {A. K. SURRIDGE and K. M. IBRAHIM and D. J. BELL and N. J. WEBB and C. RICO and G. M. HEWITT},
  title = {Fine-scale genetic structuring in a natural population of European wild rabbits (Oryctolagus cuniculus)},
  journal = {Molecular Ecology},
}

@Article{Symington_1987,
  doi = {10.1007/bf00302985},
  url = {https://doi.org/10.1007/bf00302985},
  year = {1987},
  month = {jun},
  publisher = {Springer Science and Business Media {LLC}},
  volume = {20},
  number = {6},
  pages = {421--425},
  author = {M. McFarland Symington},
  title = {Sex ratio and maternal rank in wild spider monkeys: when daughters disperse},
  journal = {Behavioral Ecology and Sociobiology},
}

@Article{Takahata_1980,
  doi = {10.1007/bf02390462},
  url = {https://doi.org/10.1007/bf02390462},
  year = {1980},
  month = {jul},
  publisher = {Springer Science and Business Media {LLC}},
  volume = {21},
  number = {3},
  pages = {303--329},
  author = {Yukio Takahata},
  title = {The reproductive biology of a free-ranging troop of Japanese monkeys},
  journal = {Primates},
}

@Article{Takahata_1998,
  doi = {10.1007/bf02573082},
  url = {https://doi.org/10.1007/bf02573082},
  year = {1998},
  month = {jul},
  publisher = {Springer Science and Business Media {LLC}},
  volume = {39},
  number = {3},
  pages = {339--349},
  author = {Yukio Takahata and Shigeru Suzuki and Naoki Agetsuma and Naobi Okayasu and Hideki Sugiura and Hiroyuki Takahashi and Juichi Yamagiwa and Kosei Izawa and Takeshi Furuichi and David A. Hill and Tamaki Maruhashi and Chiemi Saito and Shizue Saito and David S. Sprague},
  title = {Reproduction of wild Japanese macaque females of Yakushima and Kinkazan Islands: A preliminary report},
  journal = {Primates},
}

@Article{Takahata_2007,
  doi = {10.1007/s10329-007-0076-8},
  url = {https://doi.org/10.1007/s10329-007-0076-8},
  year = {2007},
  month = {dec},
  publisher = {Springer Science and Business Media {LLC}},
  volume = {49},
  number = {2},
  pages = {135--138},
  author = {Yukio Takahata and Naoki Koyama and Shinichiro Ichino and Naomi Miyamoto and Masayuki Nakamichi and Takayo Soma},
  title = {The relationship between female rank and reproductive parameters of the ringtailed lemur: a preliminary analysis},
  journal = {Primates},
}

@Article{Taylor_1985,
  doi = {10.1007/bf02692291},
  url = {https://doi.org/10.1007/bf02692291},
  year = {1985},
  month = {dec},
  publisher = {Springer Science and Business Media {LLC}},
  volume = {6},
  number = {6},
  pages = {601--614},
  author = {Linda Taylor and Robert W. Sussman},
  title = {A preliminary study of kinship and social organization in a semi-free-ranging group {ofLemur} catta},
  journal = {International Journal of Primatology},
}

@Article{Townsend_1981,
  doi = {10.2307/2425138},
  url = {https://doi.org/10.2307/2425138},
  year = {1981},
  month = {jul},
  publisher = {{JSTOR}},
  volume = {106},
  number = {1},
  pages = {92},
  author = {Thomas W. Townsend and Edward D. Bailey},
  title = {Effects of Age, Sex and Weight on Social Rank in Penned White-tailed Deer},
  journal = {American Midland Naturalist},
}

@Article{Van_Horn_2004,
  doi = {10.1046/j.1365-294x.2003.02071.x},
  url = {https://doi.org/10.1046/j.1365-294x.2003.02071.x},
  year = {2004},
  month = {jan},
  publisher = {Wiley},
  volume = {13},
  number = {2},
  pages = {449--458},
  author = {Russell C. Van Horn and Anne L. Engh and Kim T. Scribner and Stephan M. Funk and Kay E. Holekamp},
  title = {Behavioural structuring of relatedness in the spotted hyena (Crocuta crocuta) suggests direct fitness benefits of clan-level cooperation},
  journal = {Molecular Ecology},
}

@Article{Van_Horn_2007,
  doi = {10.1007/s00265-007-0415-1},
  url = {https://doi.org/10.1007/s00265-007-0415-1},
  year = {2007},
  month = {jun},
  publisher = {Springer Science and Business Media {LLC}},
  volume = {61},
  number = {12},
  pages = {1823--1837},
  author = {Russell C. Van Horn and Jason C. Buchan and Jeanne Altmann and Susan C. Alberts},
  title = {Divided destinies: group choice by female savannah baboons during social group fission},
  journal = {Behavioral Ecology and Sociobiology},
}

@Article{van_Noordwijk_1987,
  doi = {10.1016/s0003-3472(87)80284-1},
  url = {https://doi.org/10.1016/s0003-3472(87)80284-1},
  year = {1987},
  month = {apr},
  publisher = {Elsevier {BV}},
  volume = {35},
  number = {2},
  pages = {577--589},
  author = {Maria A. {van Noordwijk} and Carel P. {van Schaik}},
  title = {Competition among female long-tailed macaques, Macaca fascicularis},
  journal = {Animal Behaviour},
}

@Article{van_Noordwijk_1987a,
  title = {Competition among female long-tailed macaques, Macaca fascicularis},
  volume = {35},
  issn = {0003-3472},
  url = {http://dx.doi.org/10.1016/S0003-3472(87)80284-1},
  doi = {10.1016/s0003-3472(87)80284-1},
  number = {2},
  journal = {Animal Behaviour},
  publisher = {Elsevier BV},
  author = {Maria A. {van Noordwijk} and Carel P. {van Schaik}},
  year = {1987},
  month = {Apr},
  pages = {577–589},
}

@Article{van_Noordwijk_1999,
  doi = {10.1007/bf02557705},
  url = {https://doi.org/10.1007/bf02557705},
  year = {1999},
  month = {jan},
  publisher = {Springer Science and Business Media {LLC}},
  volume = {40},
  number = {1},
  pages = {105--130},
  author = {Maria A. {van Noordwijk} and Carcl P. {van Schaik}},
  title = {The effects of dominance rank and group size on female lifetime reproductive success in wild long-tailed macaques,Macaca fascicularis},
  journal = {Primates},
}

@Article{Van_Schaik_1989,
  doi = {10.1002/ajp.1350190303},
  url = {https://doi.org/10.1002/ajp.1350190303},
  year = {1989},
  publisher = {Wiley},
  volume = {19},
  number = {3},
  pages = {147--161},
  author = {C. P. Van Schaik and W. J. Netto and A. J. J. Van Amerongen and H. Westland},
  title = {Social rank and sex ratio of captive long-tailed macaque females (Macaca fascicularis)},
  journal = {American Journal of Primatology},
}

@Article{Vervaecke_2005,
  doi = {10.1016/j.anbehav.2004.12.018},
  url = {https://doi.org/10.1016/j.anbehav.2004.12.018},
  year = {2005},
  month = {oct},
  publisher = {Elsevier {BV}},
  volume = {70},
  number = {4},
  pages = {763--770},
  author = {Hilde Vervaecke and Catherine Roden and Han {de Vries}},
  title = {Dominance, fatness and fitness in female American bison, Bison bison},
  journal = {Animal Behaviour},
}

@Article{Vigilant_2001,
  doi = {10.1073/pnas.231320498},
  url = {https://doi.org/10.1073/pnas.231320498},
  year = {2001},
  month = {oct},
  publisher = {Proceedings of the National Academy of Sciences},
  volume = {98},
  number = {23},
  pages = {12890--12895},
  author = {L. Vigilant and M. Hofreiter and H. Siedel and C. Boesch},
  title = {Paternity and relatedness in wild chimpanzee communities},
  journal = {Proceedings of the National Academy of Sciences},
}

@Article{Visser_2020,
  doi = {10.1139/cjz-2019-0154},
  url = {https://doi.org/10.1139/cjz-2019-0154},
  year = {2020},
  month = {aug},
  publisher = {Canadian Science Publishing},
  volume = {98},
  number = {8},
  pages = {557--571},
  author = {J.H. Visser and T.J. Robinson and B. Jansen {van Vuuren}},
  title = {Spatial genetic structure in the rock hyrax (Procavia capensis) across the Namaqualand and western Fynbos areas of South Africa {\textemdash} a mitochondrial and microsatellite perspective},
  journal = {Canadian Journal of Zoology},
}

@Article{von_Holst_2002,
  doi = {10.1007/s00265-001-0427-1},
  url = {https://doi.org/10.1007/s00265-001-0427-1},
  year = {2002},
  month = {feb},
  publisher = {Springer Science and Business Media {LLC}},
  volume = {51},
  number = {3},
  pages = {245--254},
  author = {Dietrich {von Holst} and Hans Hutzelmeyer and Paul Kaetzke and Martin Khaschei and Heiko R{\"o}del and Hannelore Schrutka},
  title = {Social rank, fecundity and lifetime reproductive success in wild European rabbits ( Oryctolagus cuniculus )},
  journal = {Behavioral Ecology and Sociobiology},
}

@Article{Wallace_1998,
  doi = {10.1111/j.1469-7998.1998.tb00006.x},
  url = {https://doi.org/10.1111/j.1469-7998.1998.tb00006.x},
  year = {1998},
  month = {jan},
  publisher = {Wiley},
  volume = {244},
  number = {1},
  pages = {51--61},
  author = {E. D. Wallace and N. C. Bennett},
  title = {The colony structure and social organization of the giant Zambian mole-rat, Cryptomys mechowi},
  journal = {Journal of Zoology},
}

@Article{Wasser_1983,
  doi = {10.1086/413545},
  url = {https://doi.org/10.1086/413545},
  year = {1983},
  month = {dec},
  publisher = {University of Chicago Press},
  volume = {58},
  number = {4},
  pages = {513--538},
  author = {Samuel K. Wasser and David P. Barash},
  title = {Reproductive Suppression Among Female Mammals: Implications for Biomedicine and Sexual Selection Theory},
  journal = {The Quarterly Review of Biology},
}

@Article{Wasser_1988,
  doi = {10.1002/ajp.1350160202},
  url = {https://doi.org/10.1002/ajp.1350160202},
  year = {1988},
  publisher = {Wiley},
  volume = {16},
  number = {2},
  pages = {97--121},
  author = {Samuel K. Wasser and Alison K. Starling},
  title = {Proximate and ultimate causes of reproductive suppression among female yellow baboons at Mikumi National Park, Tanzania},
  journal = {American Journal of Primatology},
}

@Article{Wasser_2004,
  doi = {10.1007/s00265-004-0797-2},
  url = {https://doi.org/10.1007/s00265-004-0797-2},
  year = {2004},
  month = {may},
  publisher = {Springer Science and Business Media {LLC}},
  volume = {56},
  number = {4},
  author = {S.K. Wasser and G.W. Norton and S. Kleindorfer and R.J. Rhine},
  title = {Population trend alters the effects of maternal dominance rank on lifetime reproductive success in yellow baboons (Papio cynocephalus)},
  journal = {Behavioral Ecology and Sociobiology},
}

@Article{Watts_1994,
  doi = {10.1002/ajp.1350320103},
  url = {https://doi.org/10.1002/ajp.1350320103},
  year = {1994},
  publisher = {Wiley},
  volume = {32},
  number = {1},
  pages = {13--30},
  author = {David P. Watts},
  title = {Social relationships of immigrant and resident female mountain gorillas, {II}: Relatedness, residence, and relationships between females},
  journal = {American Journal of Primatology},
}

@Article{Watts_2009,
  doi = {10.1098/rspb.2009.0268},
  url = {https://doi.org/10.1098/rspb.2009.0268},
  year = {2009},
  month = {mar},
  publisher = {The Royal Society},
  volume = {276},
  number = {1665},
  pages = {2291--2298},
  author = {Heather E. Watts and Jaime B. Tanner and Barbara L. Lundrigan and Kay E. Holekamp},
  title = {Post-weaning maternal effects and the evolution of female dominance in the spotted hyena},
  journal = {Proceedings of the Royal Society B: Biological Sciences},
}

@Article{Wauters_1989,
  doi = {10.2307/4853},
  url = {https://doi.org/10.2307/4853},
  year = {1989},
  month = {jun},
  publisher = {{JSTOR}},
  volume = {58},
  number = {2},
  pages = {637},
  author = {Luc Wauters and Andre A. Dhondt},
  title = {Body Weight, Longevity and Reproductive Success in Red Squirrels (Sciurus vulgaris)},
  journal = {The Journal of Animal Ecology},
}

@Article{Welker_1990,
  doi = {10.1159/000156440},
  url = {https://doi.org/10.1159/000156440},
  year = {1990},
  publisher = {S. Karger {AG}},
  volume = {54},
  number = {3-4},
  pages = {166--170},
  author = {C. Welker and H. H\&ouml$\mathsemicolon$hmann and C. Sch\&auml$\mathsemicolon$fer-Witt},
  title = {Significance of Kin Relations and Individual Preferences in the Social Behaviour of $\less$i$\greater$Cebus apella$\less$/i$\greater$},
  journal = {Folia Primatologica},
}

@Article{White_2005,
  doi = {10.1093/beheco/ari033},
  url = {https://doi.org/10.1093/beheco/ari033},
  year = {2005},
  month = {feb},
  publisher = {Oxford University Press ({OUP})},
  volume = {16},
  number = {3},
  pages = {606--613},
  author = {Paula A. White},
  title = {Maternal rank is not correlated with cub survival in the spotted hyena, Crocuta crocuta},
  journal = {Behavioral Ecology},
}

@Article{Wilson_1978,
  doi = {10.1159/000459880},
  url = {https://doi.org/10.1159/000459880},
  year = {1978},
  publisher = {S. Karger {AG}},
  volume = {7},
  number = {4},
  pages = {202--212},
  author = {Mark E. Wilson and Thomas P. Gordon and Irwin S. Bernstein},
  title = {Timing of Births and Reproductive Success
		in Rhesus Monkey Social Groups1},
  journal = {Journal of Medical Primatology},
}

@Article{Wolfe_1984,
  doi = {10.1007/bf02735737},
  url = {https://doi.org/10.1007/bf02735737},
  year = {1984},
  month = {apr},
  publisher = {Springer Science and Business Media {LLC}},
  volume = {5},
  number = {2},
  pages = {133--143},
  author = {Linda D. Wolfe},
  title = {Female rank and reproductive success among arashiyama B Japanese macaques (Macaca fuscata)},
  journal = {International Journal of Primatology},
}

@Article{Wolff_2001,
  doi = {10.1016/s0376-6357(01)00176-0},
  url = {https://doi.org/10.1016/s0376-6357(01)00176-0},
  year = {2001},
  month = {sep},
  publisher = {Elsevier {BV}},
  volume = {55},
  number = {3},
  pages = {157--162},
  author = {Jerry O. Wolff and Aimee S. Dunlap and Elicia Ritchhart},
  title = {Adult female prairie voles and meadow voles do not suppress reproduction in their daughters},
  journal = {Behavioural Processes},
}

@Article{Wrangham_1981,
  doi = {10.1016/s0003-3472(81)80027-9},
  url = {https://doi.org/10.1016/s0003-3472(81)80027-9},
  year = {1981},
  month = {aug},
  publisher = {Elsevier {BV}},
  volume = {29},
  number = {3},
  pages = {904--910},
  author = {R.W. Wrangham},
  title = {Drinking competition in vervet monkeys},
  journal = {Animal Behaviour},
}

@Article{Zimen_2010,
  doi = {10.1111/j.1439-0310.1976.tb00939.x},
  url = {https://doi.org/10.1111/j.1439-0310.1976.tb00939.x},
  year = {2010},
  month = {apr},
  publisher = {Wiley},
  volume = {40},
  number = {3},
  pages = {300--341},
  author = {Erik Zimen},
  title = {On the Regulation of Pack Size in Wolves},
  journal = {Zeitschrift für Tierpsychologie},
}

@Article{Ziporyn_1991,
  doi = {10.1163/156853991x00184},
  url = {https://doi.org/10.1163/156853991x00184},
  year = {1991},
  publisher = {Brill},
  volume = {118},
  number = {1-2},
  pages = {26--41},
  author = {Terra Ziporyn and Martha K. McClintock},
  title = {Passing as an Indicator of Social Dominance Among Female Wild and Domestic Norway Rats},
  journal = {Behaviour},
}

@Article{Rlanguage,    title = {R: A Language and Environment for Statistical Computing},    author = {{R Core Team}},    organization = {R Foundation for Statistical Computing},    address = {Vienna, Austria},    year = {2020},    url = {https://www.R-project.org/}
}

@Article{STANlanguage,    title = {Stan Modeling Language Users Guide and Reference Manual},    author = {{Stan Development Team}},    year = {2020},    url = {https://mc-stan.org}
}


@article{riehl2017kinship,
  title={Kinship and incest avoidance drive patterns of reproductive skew in cooperatively breeding birds},
  author={Riehl, Christina},
  journal={The American Naturalist},
  volume={190},
  number={6},
  pages={774--785},
  year={2017},
  publisher={University of Chicago Press Chicago, IL}
}
