@Article{Abbott_1981,
  doi = {10.1530/jrf.0.0630335},
  url = {https://doi.org/10.1530/jrf.0.0630335},
  year = {1981},
  month = {nov},
  publisher = {Bioscientifica},
  volume = {63},
  number = {2},
  pages = {335--345},
  author = {D. H. Abbott and A. S. McNeilly and S. F. Lunn and M. J. Hulme and F. J. Burden},
  title = {Inhibition of ovarian function in subordinate female marmoset monkeys (Callithrix jacchus jacchus)},
  journal = {Reproduction},
}

@Article{Armitage_2011,
  doi = {10.1890/10-0109.1},
  url = {https://doi.org/10.1890/10-0109.1},
  year = {2011},
  month = {jan},
  publisher = {Wiley},
  volume = {92},
  number = {1},
  pages = {218--227},
  author = {Kenneth B. Armitage and Dirk H. Van Vuren and Arpat Ozgul and Madan K. Oli},
  title = {Proximate causes of natal dispersal in female yellow-bellied marmots, Marmota flaviventris},
  journal = {Ecology},
}

@Article{Baniel_2018,
  doi = {10.1016/j.anbehav.2018.03.001},
  url = {https://doi.org/10.1016/j.anbehav.2018.03.001},
  year = {2018},
  month = {may},
  publisher = {Elsevier {BV}},
  volume = {139},
  pages = {37--49},
  author = {Alice Baniel and Guy Cowlishaw and Elise Huchard},
  title = {Context dependence of female reproductive competition in wild chacma baboons},
  journal = {Animal Behaviour},
}

@Article{Baxter_1979,
  doi = {10.1007/bf01541200},
  url = {https://doi.org/10.1007/bf01541200},
  year = {1979},
  month = {sep},
  publisher = {Springer Science and Business Media {LLC}},
  volume = {8},
  number = {5},
  pages = {445--458},
  author = {Margaret Joan Baxter and Linda Marie Fedigan},
  title = {Grooming and consort partner selection in a troop of Japanese monkeys (Macaca fuscata)},
  journal = {Archives of Sexual Behavior},
}

@Article{Bernstein_1986,
  doi = {10.1016/s0003-3472(86)80057-4},
  url = {https://doi.org/10.1016/s0003-3472(86)80057-4},
  year = {1986},
  month = {jun},
  publisher = {Elsevier {BV}},
  volume = {34},
  number = {3},
  pages = {739--747},
  author = {Irwin S. Bernstein and Carolyn Ehardt},
  title = {The influence of kinship and socialization on aggressive behaviour in rhesus monkeys (Macaca mulatta)},
  journal = {Animal Behaviour},
}

@Article{Burland_2002,
  doi = {10.1098/rspb.2002.1978},
  url = {https://doi.org/10.1098/rspb.2002.1978},
  year = {2002},
  month = {may},
  publisher = {The Royal Society},
  volume = {269},
  number = {1495},
  pages = {1025--1030},
  author = {Tamsin M. Burland and Nigel C. Bennett and Jennifer U. M. Jarvis and Christopher G. Faulkes},
  title = {Eusociality in African mole-rats: new insights from patterns of genetic relatedness in the Damaraland mole-rat (
		            Cryptomys damarensis
		            )},
  journal = {Proceedings of the Royal Society of London. Series B: Biological Sciences},
}

@Article{Burland_2002a,
  title = {Eusociality in African mole-rats: new insights from patterns of genetic relatedness in the Damaraland mole-rat (
            Cryptomys damarensis
            )},
  volume = {269},
  issn = {1471-2954},
  url = {http://dx.doi.org/10.1098/rspb.2002.1978},
  doi = {10.1098/rspb.2002.1978},
  number = {1495},
  journal = {Proceedings of the Royal Society of London. Series B: Biological Sciences},
  publisher = {The Royal Society},
  author = {Tamsin M. Burland and Nigel C. Bennett and Jennifer U. M. Jarvis and Christopher G. Faulkes},
  year = {2002},
  month = {May},
  pages = {1025â€“1030},
}

@Article{Cameron_2009,
  doi = {10.1073/pnas.0900639106},
  url = {https://doi.org/10.1073/pnas.0900639106},
  year = {2009},
  month = {aug},
  publisher = {Proceedings of the National Academy of Sciences},
  volume = {106},
  number = {33},
  pages = {13850--13853},
  author = {E. Z. Cameron and T. H. Setsaas and W. L. Linklater},
  title = {Social bonds between unrelated females increase reproductive success in feral horses},
  journal = {Proceedings of the National Academy of Sciences},
}

@Article{Carling_2003,
  doi = {10.1644/brb-116},
  url = {https://doi.org/10.1644/brb-116},
  year = {2003},
  month = {nov},
  publisher = {Oxford University Press ({OUP})},
  volume = {84},
  number = {4},
  pages = {1237--1243},
  author = {Matthew D. Carling and Patryce Avsharian Wiseman and John A. Byers},
  title = {{MICROSATELLITE} {ANALYSIS} {REVEALS} {MULTIPLE} {PATERNITY} {IN} A {POPULATION} {OF} {WILD} {PRONGHORN} {ANTELOPES} ({ANTILOCAPRA} {AMERICANA})},
  journal = {Journal of Mammalogy},
}

@Article{Ceacero_2007,
  doi = {10.1111/j.1439-0310.2007.01427.x},
  url = {https://doi.org/10.1111/j.1439-0310.2007.01427.x},
  year = {2007},
  month = {dec},
  publisher = {Wiley},
  volume = {113},
  number = {12},
  pages = {1133--1140},
  author = {Francisco Ceacero and Tom{\a'a}s Landete-Castillejos and Andres J. Garc\'\ia and Jos{\a'e} A. Est{\a'e}vez and Laureano Gallego},
  title = {Kinship Discrimination and Effects on Social Rank and Aggressiveness Levels in Iberian Red Deer Hinds},
  journal = {Ethology},
}

@Article{Chepko_Sade_1979,
  doi = {10.1007/bf00293675},
  url = {https://doi.org/10.1007/bf00293675},
  year = {1979},
  publisher = {Springer Science and Business Media {LLC}},
  volume = {5},
  number = {3},
  pages = {263--278},
  author = {B. Diane Chepko-Sade and Thomas J. Olivier},
  title = {Coefficient of genetic relationship and the probability of intragenealogical fission in Macaca mulatta},
  journal = {Behavioral Ecology and Sociobiology},
}

@Article{Creel_1994,
  doi = {10.1093/beheco/5.3.339},
  url = {https://doi.org/10.1093/beheco/5.3.339},
  year = {1994},
  publisher = {Oxford University Press ({OUP})},
  volume = {5},
  number = {3},
  pages = {339--348},
  author = {Scott R. Creel and Peter M. Waser},
  title = {Inclusive fitness and reproductive strategies in dwarf mongooses},
  journal = {Behavioral Ecology},
}

@Article{Dammann_2011,
  doi = {10.1371/journal.pone.0018757},
  url = {https://doi.org/10.1371/journal.pone.0018757},
  year = {2011},
  month = {apr},
  publisher = {Public Library of Science ({PLoS})},
  volume = {6},
  number = {4},
  pages = {e18757},
  author = {Philip Dammann and Radim {{\v S}umbera} and Christina Ma{\ss}mann and Andr{\a'e} Scherag and Hynek Burda},
  editor = {Gonzalo Garc\'\ia {de Polavieja}},
  title = {Extended Longevity of Reproductives Appears to be Common in Fukomys Mole-Rats (Rodentia, Bathyergidae)},
  journal = {{PLoS} {ONE}},
}

@Article{De_Moor_2020,
  doi = {10.1093/beheco/arz213},
  url = {https://doi.org/10.1093/beheco/arz213},
  year = {2020},
  month = {jan},
  publisher = {Oxford University Press ({OUP})},
  volume = {31},
  number = {2},
  pages = {493--507},
  author = {Delphine De Moor and Christian Roos and Julia Ostner and Oliver Sch{\"u}lke},
  editor = {Louise Barrett},
  title = {Female Assamese macaques bias their affiliation to paternal and maternal kin},
  journal = {Behavioral Ecology},
}

@Article{Djakovi__2011,
  doi = {10.1007/s10211-011-0121-x},
  url = {https://doi.org/10.1007/s10211-011-0121-x},
  year = {2011},
  month = {dec},
  publisher = {Springer Science and Business Media {LLC}},
  volume = {15},
  number = {2},
  pages = {165--171},
  author = {Nata{\v s}a Djakovi{\a'c} and {\O}ystein Holand and Anne Lene Hovland and Knut H. R{\o}ed and Robert B. Weladji and Espen Fjeldstad and Mauri Nieminen},
  title = {Association patterns and kinship in female reindeer (Rangifer tarandus) during rut},
  journal = {acta ethologica},
}

@Article{Dobly_2008,
  doi = {10.1007/s10164-008-0118-8},
  url = {https://doi.org/10.1007/s10164-008-0118-8},
  year = {2008},
  month = {oct},
  publisher = {Springer Science and Business Media {LLC}},
  volume = {27},
  number = {3},
  pages = {299--306},
  author = {Alexandre Dobly},
  title = {Breeding suppression between two unrelated and initially unfamiliar females occurs with or without social tolerance in common voles (Microtus arvalis)},
  journal = {Journal of Ethology},
}

@Article{Drickamer_1985,
  doi = {10.1037/0735-7036.99.4.411},
  url = {https://doi.org/10.1037/0735-7036.99.4.411},
  year = {1985},
  month = {dec},
  publisher = {American Psychological Association ({APA})},
  volume = {99},
  number = {4},
  pages = {411--419},
  author = {Lee C. Drickamer},
  title = {Social dominance, reproduction, and release of the maturation-delaying chemosignal in the urine of female house mice (Mus musculus).},
  journal = {Journal of Comparative Psychology},
}

@Article{Fairbanks_2011,
  doi = {10.1016/j.psyneuen.2011.02.013},
  url = {https://doi.org/10.1016/j.psyneuen.2011.02.013},
  year = {2011},
  month = {sep},
  publisher = {Elsevier {BV}},
  volume = {36},
  number = {8},
  pages = {1201--1208},
  author = {Lynn A. Fairbanks and Matthew J. Jorgensen and Julia N. Bailey and Sherry E. Breidenthal and Rachel Grzywa and Mark L. Laudenslager},
  title = {Heritability and genetic correlation of hair cortisol in vervet monkeys in low and higher stress environments},
  journal = {Psychoneuroendocrinology},
}

@Article{Fournier_1995,
  doi = {10.1016/0003-3472(95)90066-7},
  url = {https://doi.org/10.1016/0003-3472(95)90066-7},
  year = {1995},
  month = {jun},
  publisher = {Elsevier {BV}},
  volume = {49},
  number = {6},
  pages = {1449--1459},
  author = {Fran{\c c}ois Fournier and Marco Festa-Bianchet},
  title = {Social dominance in adult female mountain goats},
  journal = {Animal Behaviour},
}

@Article{Gerlach_2002,
  doi = {10.1093/beheco/13.3.408},
  url = {https://doi.org/10.1093/beheco/13.3.408},
  year = {2002},
  month = {may},
  publisher = {Oxford University Press ({OUP})},
  volume = {13},
  number = {3},
  pages = {408--418},
  author = {G. Gerlach},
  title = {Reproductive skew, costs, and benefits of cooperative breeding in female wood mice (Apodemus sylvaticus)},
  journal = {Behavioral Ecology},
}

@Article{Girman_1997,
  doi = {10.1007/s002650050332},
  url = {https://doi.org/10.1007/s002650050332},
  year = {1997},
  month = {mar},
  publisher = {Springer Science and Business Media {LLC}},
  volume = {40},
  number = {3},
  pages = {187--198},
  author = {Derek J. Girman and M. G. L. Mills and Eli Geffen and Robert K. Wayne},
  title = {A molecular genetic analysis of social structure, dispersal, and interpack relationships of the African wild dog ( Lycaon pictus {\mkern1mu})},
  journal = {Behavioral Ecology and Sociobiology},
}

@Article{Griffin_2003,
  doi = {10.1093/beheco/arg040},
  url = {https://doi.org/10.1093/beheco/arg040},
  year = {2003},
  month = {jul},
  publisher = {Oxford University Press ({OUP})},
  volume = {14},
  number = {4},
  pages = {472--480},
  author = {A. S. Griffin},
  title = {A genetic analysis of breeding success in the cooperative meerkat (Suricata suricatta)},
  journal = {Behavioral Ecology},
}

@Article{Hackl_nder_2003,
  doi = {10.1006/anbe.2003.2159},
  url = {https://doi.org/10.1006/anbe.2003.2159},
  year = {2003},
  month = {jun},
  publisher = {Elsevier {BV}},
  volume = {65},
  number = {6},
  pages = {1133--1140},
  author = {Klaus Hackl{\"a}nder and Erich M{\"o}stl and Walter Arnold},
  title = {Reproductive suppression in female Alpine marmots, Marmota marmota},
  journal = {Animal Behaviour},
}

@Article{Huck_1988,
  doi = {10.1016/0031-9384(88)90031-5},
  url = {https://doi.org/10.1016/0031-9384(88)90031-5},
  year = {1988},
  month = {jan},
  publisher = {Elsevier {BV}},
  volume = {44},
  number = {3},
  pages = {313--319},
  author = {U.William Huck and Robert D. Lisk and Mary V. McKay},
  title = {Social dominance and reproductive success in pregnant and lactating golden hamsters (Mesocricetus auratus) under seminatural conditions},
  journal = {Physiology {\&} Behavior},
}

@Article{Iossa_2008,
  doi = {10.1093/beheco/arn149},
  url = {https://doi.org/10.1093/beheco/arn149},
  year = {2008},
  month = {dec},
  publisher = {Oxford University Press ({OUP})},
  volume = {20},
  number = {2},
  pages = {385--395},
  author = {Graziella Iossa and Carl D. Soulsbury and Philip J. Baker and Keith J. Edwards and Stephen Harris},
  title = {Behavioral changes associated with a population density decline in the facultatively social red fox},
  journal = {Behavioral Ecology},
}

@Article{K_mmerli_2008,
  doi = {10.1007/s10329-008-0100-7},
  url = {https://doi.org/10.1007/s10329-008-0100-7},
  year = {2008},
  month = {sep},
  publisher = {Springer Science and Business Media {LLC}},
  volume = {49},
  number = {4},
  pages = {271--282},
  author = {Rolf K{\"u}mmerli and Robert D. Martin},
  title = {Patterns of infant handling and relatedness in Barbary macaques (Macaca sylvanus) on Gibraltar},
  journal = {Primates},
}

@Article{K_nig_1994,
  doi = {10.1006/anbe.1994.1381},
  url = {https://doi.org/10.1006/anbe.1994.1381},
  year = {1994},
  month = {dec},
  publisher = {Elsevier {BV}},
  volume = {48},
  number = {6},
  pages = {1449--1457},
  author = {Barbara K{\"o}nig},
  title = {Fitness effects of communal rearing in house mice: the role of relatedness versus familiarity},
  journal = {Animal Behaviour},
}

@Article{Kinahan_2007,
  doi = {10.1007/s00265-007-0482-3},
  url = {https://doi.org/10.1007/s00265-007-0482-3},
  year = {2007},
  month = {sep},
  publisher = {Springer Science and Business Media {LLC}},
  volume = {62},
  number = {4},
  pages = {579--587},
  author = {Anouska A. Kinahan and Neville Pillay},
  title = {Dominance status influences female reproductive strategy in a territorial African rodent Rhabdomys pumilio},
  journal = {Behavioral Ecology and Sociobiology},
}

@Article{Knowles_2009,
  doi = {10.1644/08-mamm-a-298r1.1},
  url = {https://doi.org/10.1644/08-mamm-a-298r1.1},
  year = {2009},
  month = {dec},
  publisher = {Oxford University Press ({OUP})},
  volume = {90},
  number = {6},
  pages = {1381--1391},
  author = {James C. Knowles and Peter J. Van Coeverden {de Groot} and Ingrid Wiesel and Peter T. Boag},
  title = {Microsatellite Variation in Namibian Brown Hyenas (Hyaena brunnea): Population Structure and Mating System Implications},
  journal = {Journal of Mammalogy},
}

@Article{Lawler_2003,
  doi = {10.1046/j.1365-294x.2003.01909.x},
  url = {https://doi.org/10.1046/j.1365-294x.2003.01909.x},
  year = {2003},
  month = {jul},
  publisher = {Wiley},
  volume = {12},
  number = {9},
  pages = {2307--2317},
  author = {Richard R. Lawler and Alison F. Richard and Margaret A. Riley},
  title = {Genetic population structure of the white sifaka (Propithecus verreauxi verreauxi) at Beza Mahafaly Special Reserve, southwest Madagascar (1992{\textendash}2001)},
  journal = {Molecular Ecology},
}

@Article{LUKAS_2005,
  doi = {10.1111/j.1365-294x.2005.02560.x},
  url = {https://doi.org/10.1111/j.1365-294x.2005.02560.x},
  year = {2005},
  month = {apr},
  publisher = {Wiley},
  volume = {14},
  number = {7},
  pages = {2181--2196},
  author = {D. LUKAS and V. REYNOLDS and C. BOESCH and L. VIGILANT},
  title = {To what extent does living in a group mean living with kin?},
  journal = {Molecular Ecology},
}

@Article{Meikle_2010,
  doi = {10.1111/j.1439-0310.1996.tb01174.x},
  url = {https://doi.org/10.1111/j.1439-0310.1996.tb01174.x},
  year = {2010},
  month = {apr},
  publisher = {Wiley},
  volume = {102},
  number = {8},
  pages = {969--978},
  author = {Douglas B. Meikle and Lee C. Drickamer and Stephen H. Vessey and Robert D. Arthur and Thomas L. Rosenthal},
  title = {Dominance Rank and Parental Investment in Swine (Sus scrofa domesticus)},
  journal = {Ethology},
}

@Article{Metrione_2011,
  doi = {10.1016/j.ygcen.2011.02.010},
  url = {https://doi.org/10.1016/j.ygcen.2011.02.010},
  year = {2011},
  month = {may},
  publisher = {Elsevier {BV}},
  volume = {171},
  number = {3},
  pages = {283--292},
  author = {Lara C. Metrione and John D. Harder},
  title = {Fecal corticosterone concentrations and reproductive success in captive female southern white rhinoceros},
  journal = {General and Comparative Endocrinology},
}

@Article{Nakagawa_2015,
  doi = {10.1086/679448},
  url = {https://doi.org/10.1086/679448},
  year = {2015},
  month = {feb},
  publisher = {University of Chicago Press},
  volume = {56},
  number = {1},
  pages = {104--120},
  author = {Naofumi Nakagawa and Miki Matsubara and Yukiko Shimooka and Mari Nishikawa},
  title = {Embracing in a Wild Group of Yakushima Macaques (Macaca fuscata yakui) as an Example of Social Customs},
  journal = {Current Anthropology},
}

@Article{Nichols_2012,
  doi = {10.1111/mec.12015},
  url = {https://doi.org/10.1111/mec.12015},
  year = {2012},
  month = {sep},
  publisher = {Wiley},
  volume = {21},
  number = {21},
  pages = {5348--5362},
  author = {Hazel J. Nichols and Neil R. Jordan and Gabriel A. Jamie and Michael A. Cant and Joseph I. Hoffman},
  title = {Fine-scale spatiotemporal patterns of genetic variation reflect budding dispersal coupled with strong natal philopatry in a cooperatively breeding mammal},
  journal = {Molecular Ecology},
}

@Article{NUSSEY_2005,
  doi = {10.1111/j.1365-294x.2005.02692.x},
  url = {https://doi.org/10.1111/j.1365-294x.2005.02692.x},
  year = {2005},
  month = {oct},
  publisher = {Wiley},
  volume = {14},
  number = {11},
  pages = {3395--3405},
  author = {D. H. NUSSEY and D. W. COLTMAN and T. COULSON and L. E. B. KRUUK and A. DONALD and S. J. MORRIS and T. H. CLUTTON-BROCK and J. PEMBERTON},
  title = {Rapidly declining fine-scale spatial genetic structure in female red deer},
  journal = {Molecular Ecology},
}

@Article{NUSSEY_2005a,
  title = {Rapidly declining fine-scale spatial genetic structure in female red deer},
  volume = {14},
  issn = {1365-294X},
  url = {http://dx.doi.org/10.1111/j.1365-294X.2005.02692.x},
  doi = {10.1111/j.1365-294x.2005.02692.x},
  number = {11},
  journal = {Molecular Ecology},
  publisher = {Wiley},
  author = {D. H. NUSSEY and D. W. COLTMAN and T. COULSON and L. E. B. KRUUK and A. DONALD and S. J. MORRIS and T. H. CLUTTON-BROCK and J. PEMBERTON},
  year = {2005},
  month = {Oct},
  pages = {3395â€“3405},
}

@Article{Parga_2015,
  doi = {10.1159/000369386},
  url = {https://doi.org/10.1159/000369386},
  year = {2015},
  month = {may},
  publisher = {S. Karger {AG}},
  volume = {86},
  number = {1-2},
  pages = {66--75},
  author = {Joyce A. Parga and Michelle L. Sauther and Frank P. Cuozzo and Ibrahim Antho Youssouf Jacky and Lisa Gould and Robert W. Sussman and Richard R. Lawler and Jennifer Pastorini},
  title = {Genetic Evidence for Male and Female Dispersal in Wild $\less$b$\greater$$\less$i$\greater$Lemur catta$\less$/i$\greater$$\less$/b$\greater$},
  journal = {Folia Primatologica},
}

@Article{Parga_2015a,
  title = {Genetic Evidence for Male and Female Dispersal in Wild Lemur catta},
  volume = {86},
  issn = {1421-9980},
  url = {http://dx.doi.org/10.1159/000369386},
  doi = {10.1159/000369386},
  number = {1-2},
  journal = {Folia Primatologica},
  publisher = {S. Karger AG},
  author = {Joyce A. Parga and Michelle L. Sauther and Frank P. Cuozzo and Ibrahim Antho {Youssouf Jacky} and Lisa Gould and Robert W. Sussman and Richard R. Lawler and Jennifer Pastorini},
  year = {2015},
  month = {May},
  pages = {66â€“75},
}

@Article{Pratt_1989,
  doi = {10.1530/jrf.0.0870763},
  url = {https://doi.org/10.1530/jrf.0.0870763},
  year = {1989},
  month = {nov},
  publisher = {Bioscientifica},
  volume = {87},
  number = {2},
  pages = {763--769},
  author = {N. C. Pratt and R. D. Lisk},
  title = {Effects of social stress during early pregnancy on litter size and sex ratio in the golden hamster (Mesocricetus auratus)},
  journal = {Reproduction},
}

@Article{Randall_2007,
  doi = {10.1093/beheco/arm010},
  url = {https://doi.org/10.1093/beheco/arm010},
  year = {2007},
  month = {mar},
  publisher = {Oxford University Press ({OUP})},
  volume = {18},
  number = {3},
  pages = {579--589},
  author = {Deborah A. Randall and John P. Pollinger and Robert K. Wayne and Lucy A. Tallents and Paul J. Johnson and David W. Macdonald},
  title = {Inbreeding is reduced by female-biased dispersal and mating behavior in Ethiopian wolves},
  journal = {Behavioral Ecology},
}

@Article{Rothe_2010,
  doi = {10.1111/j.1439-0310.1975.tb00880.x},
  url = {https://doi.org/10.1111/j.1439-0310.1975.tb00880.x},
  year = {2010},
  month = {apr},
  publisher = {Wiley},
  volume = {37},
  number = {3},
  pages = {255--273},
  author = {Hartmut Rothe},
  title = {Some Aspects of Sexuality and Reproduction in Groups of Captive Marmosets (Callithrix jacchus)},
  journal = {Zeitschrift fÃ¼r Tierpsychologie},
}

@Article{Ruiter_1998,
  doi = {10.1098/rspb.1998.0267},
  url = {https://doi.org/10.1098/rspb.1998.0267},
  year = {1998},
  month = {jan},
  publisher = {The Royal Society},
  volume = {265},
  number = {1391},
  pages = {79--87},
  author = {J.R.D Ruiter and E. Geffen},
  title = {Relatedness of matrilines, dispersing males and social groups in long{\textendash}tailed macaques (Macaca fascicularis)},
  journal = {Proceedings of the Royal Society of London. Series B: Biological Sciences},
}

@Article{Rusu_2004,
  doi = {10.1007/s00265-004-0787-4},
  url = {https://doi.org/10.1007/s00265-004-0787-4},
  year = {2004},
  month = {apr},
  publisher = {Springer Science and Business Media {LLC}},
  volume = {56},
  number = {3},
  author = {AlinaS. Rusu and Sven Krackow},
  title = {Kin-preferential cooperation, dominance-dependent reproductive skew, and competition for mates in communally nesting female house mice},
  journal = {Behavioral Ecology and Sociobiology},
}

@Article{Schultz_1993,
  doi = {10.1037/0735-7036.107.2.216},
  url = {https://doi.org/10.1037/0735-7036.107.2.216},
  year = {1993},
  publisher = {American Psychological Association ({APA})},
  volume = {107},
  number = {2},
  pages = {216--222},
  author = {Lori A. Schultz and Richard K. Lore},
  title = {Communal reproductive success in rats (Rattus norvegicus): Effects of group composition and prior social experience.},
  journal = {Journal of Comparative Psychology},
}

@Article{Shafer_2012,
  doi = {10.1890/11-0815.1},
  url = {https://doi.org/10.1890/11-0815.1},
  year = {2012},
  month = {jun},
  publisher = {Wiley},
  volume = {93},
  number = {6},
  pages = {1317--1329},
  author = {Aaron B. A. Shafer and Joseph M. Northrup and Kevin S. White and Mark S. Boyce and Steeve D. C{\^o} {\a'e} and David W. Coltman},
  title = {Habitat selection predicts genetic relatedness in an alpine ungulate},
  journal = {Ecology},
}

@Article{Silk_1999,
  doi = {10.1163/156853999501522},
  url = {https://doi.org/10.1163/156853999501522},
  year = {1999},
  publisher = {Brill},
  volume = {136},
  number = {6},
  pages = {679--703},
  author = {Joan Silk and Dorothy Cheney and Robert Seyfarth},
  title = {{THE} {STRUCTURE} {OF} {SOCIAL} {RELATIONSHIPS} {AMONG} {FEMALE} {SAVANNA} {BABOONS} {IN} {MOREMI} {RESERVE}, {BOTSWANA}},
  journal = {Behaviour},
}

@Article{Silk_1999a,
  title = {THE STRUCTURE OF SOCIAL RELATIONSHIPS AMONG FEMALE SAVANNA BABOONS IN MOREMI RESERVE, BOTSWANA},
  volume = {136},
  issn = {1568-539X},
  url = {http://dx.doi.org/10.1163/156853999501522},
  doi = {10.1163/156853999501522},
  number = {6},
  journal = {Behaviour},
  publisher = {Brill},
  author = {Joan Silk and Dorothy Cheney and Robert Seyfarth},
  year = {1999},
  pages = {679â€“703},
}

@Article{Snyder_Mackler_2014,
  doi = {10.1111/mec.12987},
  url = {https://doi.org/10.1111/mec.12987},
  year = {2014},
  month = {nov},
  publisher = {Wiley},
  volume = {23},
  number = {24},
  pages = {6179--6191},
  author = {Noah Snyder-Mackler and Susan C. Alberts and Thore J. Bergman},
  title = {The socio-genetics of a complex society: female gelada relatedness patterns mirror association patterns in a multilevel society},
  journal = {Molecular Ecology},
}

@Article{SURRIDGE_1999,
  doi = {10.1046/j.1365-294x.1999.00570.x},
  url = {https://doi.org/10.1046/j.1365-294x.1999.00570.x},
  year = {1999},
  month = {feb},
  publisher = {Wiley},
  volume = {8},
  number = {2},
  pages = {299--307},
  author = {A. K. SURRIDGE and K. M. IBRAHIM and D. J. BELL and N. J. WEBB and C. RICO and G. M. HEWITT},
  title = {Fine-scale genetic structuring in a natural population of European wild rabbits (Oryctolagus cuniculus)},
  journal = {Molecular Ecology},
}

@Article{Taylor_1985,
  doi = {10.1007/bf02692291},
  url = {https://doi.org/10.1007/bf02692291},
  year = {1985},
  month = {dec},
  publisher = {Springer Science and Business Media {LLC}},
  volume = {6},
  number = {6},
  pages = {601--614},
  author = {Linda Taylor and Robert W. Sussman},
  title = {A preliminary study of kinship and social organization in a semi-free-ranging group {ofLemur} catta},
  journal = {International Journal of Primatology},
}

@Article{Van_Horn_2004,
  doi = {10.1046/j.1365-294x.2003.02071.x},
  url = {https://doi.org/10.1046/j.1365-294x.2003.02071.x},
  year = {2004},
  month = {jan},
  publisher = {Wiley},
  volume = {13},
  number = {2},
  pages = {449--458},
  author = {Russell C. Van Horn and Anne L. Engh and Kim T. Scribner and Stephan M. Funk and Kay E. Holekamp},
  title = {Behavioural structuring of relatedness in the spotted hyena (Crocuta crocuta) suggests direct fitness benefits of clan-level cooperation},
  journal = {Molecular Ecology},
}

@Article{Van_Horn_2004a,
  title = {Behavioural structuring of relatedness in the spotted hyena (Crocuta crocuta) suggests direct fitness benefits of clan-level cooperation},
  volume = {13},
  issn = {1365-294X},
  url = {http://dx.doi.org/10.1046/j.1365-294X.2003.02071.x},
  doi = {10.1046/j.1365-294x.2003.02071.x},
  number = {2},
  journal = {Molecular Ecology},
  publisher = {Wiley},
  author = {Russell C. {Van Horn} and Anne L. Engh and Kim T. Scribner and Stephan M. Funk and Kay E. Holekamp},
  year = {2004},
  month = {Jan},
  pages = {449â€“458},
}

@Article{Van_Horn_2007,
  doi = {10.1007/s00265-007-0415-1},
  url = {https://doi.org/10.1007/s00265-007-0415-1},
  year = {2007},
  month = {jun},
  publisher = {Springer Science and Business Media {LLC}},
  volume = {61},
  number = {12},
  pages = {1823--1837},
  author = {Russell C. Van Horn and Jason C. Buchan and Jeanne Altmann and Susan C. Alberts},
  title = {Divided destinies: group choice by female savannah baboons during social group fission},
  journal = {Behavioral Ecology and Sociobiology},
}

@Article{Vigilant_2001,
  doi = {10.1073/pnas.231320498},
  url = {https://doi.org/10.1073/pnas.231320498},
  year = {2001},
  month = {oct},
  publisher = {Proceedings of the National Academy of Sciences},
  volume = {98},
  number = {23},
  pages = {12890--12895},
  author = {L. Vigilant and M. Hofreiter and H. Siedel and C. Boesch},
  title = {Paternity and relatedness in wild chimpanzee communities},
  journal = {Proceedings of the National Academy of Sciences},
}

@Article{Wasser_1988,
  doi = {10.1002/ajp.1350160202},
  url = {https://doi.org/10.1002/ajp.1350160202},
  year = {1988},
  publisher = {Wiley},
  volume = {16},
  number = {2},
  pages = {97--121},
  author = {Samuel K. Wasser and Alison K. Starling},
  title = {Proximate and ultimate causes of reproductive suppression among female yellow baboons at Mikumi National Park, Tanzania},
  journal = {American Journal of Primatology},
}

@Article{Watts_1994,
  doi = {10.1002/ajp.1350320103},
  url = {https://doi.org/10.1002/ajp.1350320103},
  year = {1994},
  publisher = {Wiley},
  volume = {32},
  number = {1},
  pages = {13--30},
  author = {David P. Watts},
  title = {Social relationships of immigrant and resident female mountain gorillas, {II}: Relatedness, residence, and relationships between females},
  journal = {American Journal of Primatology},
}

@Article{Wolff_2001,
  doi = {10.1016/s0376-6357(01)00176-0},
  url = {https://doi.org/10.1016/s0376-6357(01)00176-0},
  year = {2001},
  month = {sep},
  publisher = {Elsevier {BV}},
  volume = {55},
  number = {3},
  pages = {157--162},
  author = {Jerry O. Wolff and Aimee S. Dunlap and Elicia Ritchhart},
  title = {Adult female prairie voles and meadow voles do not suppress reproduction in their daughters},
  journal = {Behavioural Processes},
}
