@article{alexander1974evolution,
  title={The evolution of social behavior},
  author={Alexander, Richard D},
  journal={Annual review of ecology and systematics},
  volume={5},
  number={1},
  pages={325--383},
  year={1974},
  publisher={Annual Reviews 4139 El Camino Way, PO Box 10139, Palo Alto, CA 94303-0139, USA}
}


@article{bercovitch1991social,
  title={Social stratification, social strategies, and reproductive success in primates},
  author={Bercovitch, Fred B},
  journal={Ethology and Sociobiology},
  volume={12},
  number={4},
  pages={315--333},
  year={1991},
  publisher={Elsevier}
}

@article{botero2014environmental,
  title={Environmental harshness is positively correlated with intraspecific divergence in mammals and birds},
  author={Botero, Carlos A and Dor, Roi and McCain, Christy M and Safran, Rebecca J},
  journal={Molecular ecology},
  volume={23},
  number={2},
  pages={259--268},
  year={2014},
  publisher={Wiley Online Library}
}

@article{brown2002reconsidering,
  title={Reconsidering the null hypothesis: is maternal rank associated with birth sex ratios in primate groups?},
  author={Brown, Gillian R and Silk, Joan B},
  journal={Proceedings of the National Academy of Sciences},
  volume={99},
  number={17},
  pages={11252--11255},
  year={2002},
  publisher={National Acad Sciences}
}

@article{burgin2018many,
  title={How many species of mammals are there?},
  author={Burgin, Connor J and Colella, Jocelyn P and Kahn, Philip L and Upham, Nathan S},
  journal={Journal of Mammalogy},
  volume={99},
  number={1},
  pages={1--14},
  year={2018},
  publisher={Oxford University Press US}
}


@article{chamberlain2012does,
  title={Does phylogeny matter? Assessing the impact of phylogenetic information in ecological meta-analysis},
  author={Chamberlain, Scott A and Hovick, Stephen M and Dibble, Christopher J and Rasmussen, Nick L and Van Allen, Benjamin G and Maitner, Brian S and Ahern, Jeffrey R and Bell-Dereske, Lukas P and Roy, Christopher L and Meza-Lopez, Maria and others},
  journal={Ecology Letters},
  volume={15},
  number={6},
  pages={627--636},
  year={2012},
  publisher={Wiley Online Library}
}

@article{clutton2010adaptive,
  title={Adaptive suppression of subordinate reproduction in cooperative mammals},
  author={Clutton-Brock, Tim H and Hodge, Sarah J and Flower, Tom P and Spong, Goran F and Young, Andrew J},
  journal={The American Naturalist},
  volume={176},
  number={5},
  pages={664--673},
  year={2010},
  publisher={The University of Chicago Press}
}

@article{clutton2013social,
  title={Social competition and its consequences in female mammals},
  author={Clutton-Brock, T and Huchard, E},
  journal={Journal of Zoology},
  volume={289},
  number={3},
  pages={151--171},
  year={2013},
  publisher={Wiley Online Library}
}

@article{digby2006role,
  title={The role of competition in cooperatively breeding species},
  author={Digby, Leslie J and Ferrari, Stephen F and Saltzman, Wendy},
  journal={Primates in perspective. Oxford University Press, New York},
  pages={85--106},
  year={2006},
  publisher={Citeseer}
}

@article{drummond2012bayesian,
  title={Bayesian phylogenetics with BEAUti and the BEAST 1.7},
  author={Drummond, Alexei J and Suchard, Marc A and Xie, Dong and Rambaut, Andrew},
  journal={Molecular biology and evolution},
  volume={29},
  number={8},
  pages={1969--1973},
  year={2012},
  publisher={Oxford University Press}
}

@article{egger1997bias,
  title={Bias in meta-analysis detected by a simple, graphical test},
  author={Egger, Matthias and Smith, George Davey and Schneider, Martin and Minder, Christoph},
  journal={Bmj},
  volume={315},
  number={7109},
  pages={629--634},
  year={1997},
  publisher={British Medical Journal Publishing Group}
}

@article{ellis1995dominance,
  title={Dominance and reproductive success among nonhuman animals: a cross-species comparison},
  author={Ellis, Lee},
  journal={Ethology and sociobiology},
  volume={16},
  number={4},
  pages={257--333},
  year={1995},
  publisher={Elsevier}
}

@article{fedigan1983dominance,
  title={Dominance and reproductive success in primates},
  author={Fedigan, Linda Marie},
  journal={American Journal of Physical Anthropology},
  volume={26},
  number={S1},
  pages={91--129},
  year={1983},
  publisher={Wiley Online Library}
}

@article{fedigan2013sexual,
  title={Sexual conflict in white-faced capuchins},
  author={Fedigan, Linda Marie and Jack, Katharine M},
  journal={Evolution’s Empress, eds Fisher ML, Garcia JR (Oxford Univ Press, New York)},
  pages={281--303},
  year={2013}
}

@article{frank1986social,
  title={Social organization of the spotted hyaena Crocuta crocuta. II. Dominance and reproduction},
  author={Frank, Laurence G},
  journal={Animal Behaviour},
  volume={34},
  number={5},
  pages={1510--1527},
  year={1986},
  publisher={Elsevier}
}

@article{giles2015dominance,
  title={Dominance rank is associated with body condition in outdoor-living domestic horses (Equus caballus)},
  author={Giles, Sarah L and Nicol, Christine J and Harris, Patricia A and Rands, Sean A},
  journal={Applied animal behaviour science},
  volume={166},
  pages={71--79},
  year={2015},
  publisher={Elsevier}
}

@article{holekamp1991dominance,
  title={Dominance acquisition during mammalian social development: the “inheritance” of maternal rank},
  author={Holekamp, Kay E and Smale, Laura},
  journal={American Zoologist},
  volume={31},
  number={2},
  pages={306--317},
  year={1991},
  publisher={Oxford University Press UK}
}

@article{huchard2016competitive,
  title={Competitive growth in a cooperative mammal},
  author={Huchard, Elise and English, Sinead and Bell, Matt BV and Thavarajah, Nathan and Clutton-Brock, Tim},
  journal={Nature},
  volume={533},
  number={7604},
  pages={532--534},
  year={2016},
  publisher={Nature Publishing Group}
}

@article{jamieson1997testing,
  title={Testing reproductive skew models in a communally breeding bird, the pukeko, Porphyrio porphyrio},
  author={Jamieson, Ian G},
  journal={Proceedings of the Royal Society of London. Series B: Biological Sciences},
  volume={264},
  number={1380},
  pages={335--340},
  year={1997},
  publisher={The Royal Society}
}

@article{jones2009pantheria,
  title={PanTHERIA: a species-level database of life history, ecology, and geography of extant and recently extinct mammals: Ecological Archives E090-184},
  author={Jones, Kate E and Bielby, Jon and Cardillo, Marcel and Fritz, Susanne A and O'Dell, Justin and Orme, C David L and Safi, Kamran and Sechrest, Wes and Boakes, Elizabeth H and Carbone, Chris and others},
  journal={Ecology},
  volume={90},
  number={9},
  pages={2648--2648},
  year={2009},
  publisher={Wiley Online Library}
}

@book{kurz2019rethinking,
	title={Statistical Rethinking with brms, ggplot2, and the tidyverse},
author={Kurz, Solomon},year={2019},publisher={available at: https://solomonkurz.netlify.com/post/bayesian-meta-analysis/}
}

@article{lajeunesse2013recovering,
  title={Recovering missing or partial data from studies: a survey of conversions and imputations for meta-analysis},
  author={Lajeunesse, Marc J and Koricheva, J and Gurevitch, J and Mengersen, K},
  journal={Handbook of meta-analysis in ecology and evolution},
  pages={195--206},
  year={2013},
  publisher={Princeton University Press: Princeton, New Jersey}
}

@article{lakens2013calculating,
  title={Calculating and reporting effect sizes to facilitate cumulative science: a practical primer for t-tests and ANOVAs},
  author={Lakens, Dani{\"e}l},
  journal={Frontiers in psychology},
  volume={4},
  pages={863},
  year={2013},
  publisher={Frontiers}
}


@article{lukas2005extent,
  title={To what extent does living in a group mean living with kin?},
  author={Lukas, Dieter and Reynolds, Vernon and Boesch, Christophe and Vigilant, Linda},
  journal={Molecular Ecology},
  volume={14},
  number={7},
  pages={2181--2196},
  year={2005},
  publisher={Wiley Online Library}
}


@article{barsbai2021local,
  title={Local convergence of behavior across species},
  author={Barsbai, Toman and Lukas, Dieter and Pondorfer, Andreas},
  journal={Science},
  volume={371},
  number={6526},
  pages={292--295},
  year={2021},
  publisher={American Association for the Advancement of Science}
}




@article{lukas2014costs,
  title={Costs of mating competition limit male lifetime breeding success in polygynous mammals},
  author={Lukas, Dieter and Clutton-Brock, Tim},
  journal={Proceedings of the Royal Society B: Biological Sciences},
  volume={281},
  number={1786},
  pages={20140418},
  year={2014},
  publisher={The Royal Society}
}

@article{lukas2017climate,
  title={Climate and the distribution of cooperative breeding in mammals},
  author={Lukas, Dieter and Clutton-Brock, Tim},
  journal={Royal Society open science},
  volume={4},
  number={1},
  pages={160897},
  year={2017},
  publisher={The Royal Society Publishing}
}

@article{fortunato2019lineal,
  title={Lineal kinship organization in cross-specific perspective},
  author={Fortunato, Laura},
  journal={Philosophical Transactions of the Royal Society B},
  volume={374},
  number={1780},
  pages={20190005},
  year={2019},
  publisher={The Royal Society}
}


@article{lukas2018social,
  title={Social complexity and kinship in animal societies},
  author={Lukas, Dieter and Clutton-Brock, Tim},
  journal={Ecology letters},
  volume={21},
  number={8},
  pages={1129--1134},
  year={2018},
  publisher={Wiley Online Library}
}

@article{cheney2004factors,
  title={Factors affecting reproduction and mortality among baboons in the Okavango Delta, Botswana},
  author={Cheney, Dorothy L and Seyfarth, Robert M and Fischer, Julia and Beehner, J and Bergman, T and Johnson, SE and Kitchen, Dawn M and Palombit, RA and Rendall, D and Silk, Joan B},
  journal={International Journal of Primatology},
  volume={25},
  number={2},
  pages={401--428},
  year={2004},
  publisher={Springer}
}

@article{lukas2019evolution,
  title={The evolution of infanticide by females in mammals},
  author={Lukas, Dieter and Huchard, Elise},
  journal={Philosophical Transactions of the Royal Society B},
  volume={374},
  number={1780},
  pages={20180075},
  year={2019},
  publisher={The Royal Society}
}

@article{majolo2012fitness,
  title={Fitness-related benefits of dominance in primates},
  author={Majolo, Bonaventura and Lehmann, Julia and de Bortoli Vizioli, Aurora and Schino, Gabriele},
  journal={American journal of physical anthropology},
  volume={147},
  number={4},
  pages={652--660},
  year={2012},
  publisher={Wiley Online Library}
}

@book{mcelreath2020statistical,
  title={Statistical rethinking: A Bayesian course with examples in R and Stan},
  author={McElreath, Richard},
  year={2020},
  publisher={CRC press}
}

@article{nakagawa2012methodological,
  title={Methodological issues and advances in biological meta-analysis},
  author={Nakagawa, Shinichi and Santos, Eduardo SA},
  journal={Evolutionary Ecology},
  volume={26},
  number={5},
  pages={1253--1274},
  year={2012},
  publisher={Springer}
}

@article{pandit2003model,
  title={A model for leveling coalitions among primate males: toward a theory of egalitarianism},
  author={Pandit, Sagar A and van Schaik, Carel P},
  journal={Behavioral Ecology and Sociobiology},
  volume={55},
  number={2},
  pages={161--168},
  year={2003},
  publisher={Springer}
}

@article{paradis2019ape,
  title={ape 5.0: an environment for modern phylogenetics and evolutionary analyses in R},
  author={Paradis, Emmanuel and Schliep, Klaus},
  journal={Bioinformatics},
  volume={35},
  number={3},
  pages={526--528},
  year={2019},
  publisher={Oxford University Press}
}

@article{pusey2012magnitude,
  title={Magnitude and sources of variation in female reproductive performance},
  author={Pusey, Anne},
  journal={The evolution of primate societies},
  pages={343--366},
  year={2012},
  publisher={University of Chicago Press Chicago, IL}
}

@book{solomon1997cooperative,
  title={Cooperative breeding in mammals},
  author={Solomon, Nancy G and French, Jeffrey A and others},
  year={1997},
  publisher={Cambridge University Press}
}

@article{stockley2011female,
  title={Female competition and its evolutionary consequences in mammals},
  author={Stockley, Paula and Bro-J{\o}rgensen, Jakob},
  journal={Biological Reviews},
  volume={86},
  number={2},
  pages={341--366},
  year={2011},
  publisher={Wiley Online Library}
}

@article{thouless1986conflict,
  title={Conflict between red deer hinds: the winner always wins},
  author={Thouless, CR and Guinness, FE},
  journal={Animal Behaviour},
  volume={34},
  number={4},
  pages={1166--1171},
  year={1986},
  publisher={Elsevier}
}

@article{upham2019inferring,
  title={Inferring the mammal tree: Species-level sets of phylogenies for questions in ecology, evolution, and conservation},
  author={Upham, Nathan S and Esselstyn, Jacob A and Jetz, Walter},
  journal={PLoS Biology},
  volume={17},
  number={12},
  year={2019},
  publisher={Public Library of Science}
}

@article{van1988scramble,
  title={Scramble and contest in feeding competition among female long-tailed macaques (Macaca fascicularis)},
  author={Van Noordwijk, Maria A and Van Schaik, Carel P},
  journal={Behaviour},
  volume={105},
  number={1-2},
  pages={77--98},
  year={1988},
  publisher={Brill}
}

@article{vehrencamp1983model,
  title={A model for the evolution of despotic versus egalitarian societies},
  author={Vehrencamp, Sandra L},
  journal={Animal Behaviour},
  volume={31},
  number={3},
  pages={667--682},
  year={1983},
  publisher={Elsevier}
}

@article{viechtbauer2010conducting,
  title={Conducting meta-analyses in R with the metafor package},
  author={Viechtbauer, Wolfgang},
  journal={Journal of statistical software},
  volume={36},
  number={3},
  pages={1--48},
  year={2010},
  publisher={UCLA Statistics}
}

@book{ward2016sociality,
  title={Sociality: the behaviour of group-living animals},
  author={Ward, Ashley and Webster, Mike},
  year={2016},
  publisher={Springer}
}

@article{wilman2014eltontraits,
  title={EltonTraits 1.0: Species-level foraging attributes of the world's birds and mammals: Ecological Archives E095-178},
  author={Wilman, Hamish and Belmaker, Jonathan and Simpson, Jennifer and De La Rosa, Carolina and Rivadeneira, Marcelo M and Jetz, Walter},
  journal={Ecology},
  volume={95},
  number={7},
  pages={2027--2027},
  year={2014},
  publisher={Wiley Online Library}
}

@book{wilson2019calculator,
	title={Practical Meta-Analysis Effect Size Calculator [Online calculator].},
author={Wilson, D. B.},year={2019},publisher={retrieved from: hhttps:/www.campbellcollaboration.org/research-resources/research-for-resources/effect-size-calculator.html}
}

@article{west1967foundress,
  title={Foundress associations in polistine wasps: dominance hierarchies and the evolution of social behavior},
  author={West, Mary Jane},
  journal={Science},
  volume={157},
  number={3796},
  pages={1584--1585},
  year={1967},
  publisher={American Association for the Advancement of Science}
}

@book{williams1966adaptation,
  title={Adaptation and natural selection: a critique of some current evolutionary thought},
  author={Williams, George C},
  volume={833082108},
  year={1966},
  publisher={Princeton science library OCLC}
}

@article{lukas2014evolution,
  title={The evolution of infanticide by males in mammalian societies},
  author={Lukas, Dieter and Huchard, Elise},
  journal={Science},
  volume={346},
  number={6211},
  pages={841--844},
  year={2014},
  publisher={American Association for the Advancement of Science}
}


@article{nakagawa2021methods,
  title={Methods for testing publication bias in ecological and evolutionary meta-analyses},
  author={Nakagawa, Shinichi and Lagisz, Malgorzata and Jennions, Michael D and Koricheva, Julia and Noble, Daniel and Parker, Timothy H and S{\'a}nchez-T{\'o}jar, Alfredo and Yang, Yefeng and O'Dea, Rose E},
  year={2021},
  publisher={EcoEvoRxiv}
}


@article{preston2004adjusting,
  title={Adjusting for publication bias: modelling the selection process},
  author={Preston, Carrol and Ashby, Deborah and Smyth, Rosalind},
  journal={Journal of Evaluation in Clinical Practice},
  volume={10},
  number={2},
  pages={313--322},
  year={2004},
  publisher={Wiley Online Library}
}

@article{cavigelli2003female,
  title={Female dominance status and fecal corticoids in a cooperative breeder with low reproductive skew: ring-tailed lemurs (Lemur catta)},
  author={Cavigelli, SA and Dubovick, T and Levash, W and Jolly, A and Pitts, A},
  journal={Hormones and Behavior},
  volume={43},
  number={1},
  pages={166--179},
  year={2003},
  publisher={Elsevier}
}


@article{rubenstein2016discrete,
  title={Discrete but variable structure of animal societies leads to the false perception of a social continuum},
  author={Rubenstein, Dustin R and Botero, Carlos A and Lacey, Eileen A},
  journal={Royal Society open science},
  volume={3},
  number={5},
  pages={160147},
  year={2016},
  publisher={The Royal Society}
}



@article{lukas2012cooperative,
  title={Cooperative breeding and monogamy in mammalian societies},
  author={Lukas, Dieter and Clutton-Brock, Tim},
  journal={Proceedings of the Royal Society B: Biological Sciences},
  volume={279},
  number={1736},
  pages={2151--2156},
  year={2012},
  publisher={The Royal Society}
}


@article{cowlishaw1991dominance,
  title={Dominance rank and mating success in male primates},
  author={Cowlishaw, Guy and Dunbar, Robin IM},
  journal={Animal Behaviour},
  volume={41},
  number={6},
  pages={1045--1056},
  year={1991},
  publisher={Elsevier}
}

@article{holekamp2012society,
  title={Society, demography and genetic structure in the spotted hyena},
  author={Holekamp, Kay E and Smith, Jennifer E and Strelioff, Christopher C and Van Horn, Russell C and Watts, Heather E},
  journal={Molecular Ecology},
  volume={21},
  number={3},
  pages={613--632},
  year={2012},
  publisher={Wiley Online Library}
}

@article{pusey1997influence,
  title={The influence of dominance rank on the reproductive success of female chimpanzees},
  author={Pusey, Anne and Williams, Jennifer and Goodall, Jane},
  journal={science},
  volume={277},
  number={5327},
  pages={828--831},
  year={1997},
  publisher={American Association for the Advancement of Science}
}



@article{altmann2003variability,
  title={Variability in reproductive success viewed from a life-history perspective in baboons},
  author={Altmann, Jeanne and Alberts, Susan C},
  journal={American Journal of Human Biology},
  volume={15},
  number={3},
  pages={401--409},
  year={2003},
  publisher={Wiley Online Library}
}


@article{nakagawa2021orchard,
  title={The orchard plot: Cultivating a forest plot for use in ecology, evolution, and beyond},
  author={Nakagawa, Shinichi and Lagisz, Malgorzata and O'Dea, Rose E and Rutkowska, Joanna and Yang, Yefeng and Noble, Daniel WA and Senior, Alistair M},
  journal={Research Synthesis Methods},
  volume={12},
  number={1},
  pages={4--12},
  year={2021},
  publisher={Wiley Online Library}
}

@article{jarman1983mating,
  title={Mating system and sexual dimorphism in large terrestrial, mammalian herbivores},
  author={Jarman, Peter},
  journal={Biological Reviews},
  volume={58},
  number={4},
  pages={485--520},
  year={1983},
  publisher={Wiley Online Library}
}

@article{loison1999factors,
  title={What factors shape sexual size dimorphism in ungulates?},
  author={Loison, Anne and Gaillard, Jean-Michel and P{\'e}labon, Christophe and Yoccoz, Nigel Gilles},
  journal={Evolutionary Ecology Research},
  volume={1},
  number={5},
  pages={611--633},
  year={1999},
  publisher={Evolutionary Ecology, Ltd.}
}

@article{smith2002scaling,
  title={Scaling of sexual dimorphism in body mass: a phylogenetic analysis of Rensch's rule in primates},
  author={Smith, Richard J and Cheverud, James M},
  journal={International Journal of Primatology},
  volume={23},
  number={5},
  pages={1095--1135},
  year={2002},
  publisher={Springer}
}

@article{smith1999statistics,
  title={Statistics of sexual size dimorphism},
  author={Smith, Richard J},
  journal={Journal of Human Evolution},
  volume={36},
  number={4},
  pages={423--458},
  year={1999},
  publisher={Elsevier}
}

@article{isaac2005potential,
  title={Potential causes and life-history consequences of sexual size dimorphism in mammals},
  author={Isaac, Joanne L},
  journal={Mammal Review},
  volume={35},
  number={1},
  pages={101--115},
  year={2005},
  publisher={Wiley Online Library}
}

@article{kappeler2019evolutionary,
  title={Evolutionary dynamics of sexual size dimorphism in non-volant mammals following their independent colonization of Madagascar},
  author={Kappeler, Peter M and Nunn, Charles L and Vining, Alexander Q and Goodman, Steven M},
  journal={Scientific reports},
  volume={9},
  number={1},
  pages={1--14},
  year={2019},
  publisher={Nature Publishing Group}
}

@article{balasubramaniam2012hierarchical,
  title={Hierarchical steepness, counter-aggression, and macaque social style scale},
  author={Balasubramaniam, Krishna N and Dittmar, Katharina and Berman, Carol M and Butovskaya, Marina and Cooper, Mathew A and Majolo, Bonaventura and Ogawa, Hideshi and Schino, Gabriele and Thierry, Bernard and De Waal, Frans BM},
  journal={American journal of primatology},
  volume={74},
  number={10},
  pages={915--925},
  year={2012},
  publisher={Wiley Online Library}
}

@article{swedell2014sexual,
  title={Sexual conflict in a polygynous primate: costs and benefits of a male-imposed mating system},
  author={Swedell, Larissa and Leedom, Liane and Saunders, Julian and Pines, Mathew},
  journal={Behavioral ecology and sociobiology},
  volume={68},
  number={2},
  pages={263--273},
  year={2014},
  publisher={Springer}
}

@article{snyder2018pluck,
  title={Pluck or luck: does trait variation or chance drive variation in lifetime reproductive success?},
  author={Snyder, Robin E and Ellner, Stephen P},
  journal={The American Naturalist},
  volume={191},
  number={4},
  pages={E90--E107},
  year={2018},
  publisher={University of Chicago Press Chicago, IL}
}

@article{lewontin1969population,
  title={On population growth in a randomly varying environment},
  author={Lewontin, Richard C and Cohen, Daniel},
  journal={Proceedings of the National Academy of sciences},
  volume={62},
  number={4},
  pages={1056--1060},
  year={1969},
  publisher={National Acad Sciences}
}

@article{lea2014complex,
  title={Complex sources of variance in female dominance rank in a nepotistic society},
  author={Lea, Amanda J and Learn, Niki H and Theus, Marcus J and Altmann, Jeanne and Alberts, Susan C},
  journal={Animal behaviour},
  volume={94},
  pages={87--99},
  year={2014},
  publisher={Elsevier}
}

@article{bergstrom2010dominance,
  title={Dominance among female white-faced capuchin monkeys (Cebus capucinus): hierarchical linearity, nepotism, strength and stability},
  author={Bergstrom, Mackenzie L and Fedigan, Linda M},
  journal={Behaviour},
  pages={899--931},
  year={2010},
  publisher={JSTOR}
}

@article{datta1988acquisition,
  title={The acquisition of dominance among free-ranging rhesus monkey siblings},
  author={Datta, Saroj},
  journal={Animal behaviour},
  volume={36},
  number={3},
  pages={754--772},
  year={1988},
  publisher={Elsevier}
}


