@article{CluttonBrock1984,
  doi = {10.1038/308358a0},
  url = {https://doi.org/10.1038/308358a0},
  year = {1984},
  month = mar,
  publisher = {Springer Science and Business Media {LLC}},
  volume = {308},
  number = {5957},
  pages = {358--360},
  author = {T. H. Clutton-Brock and S. D. Albon and F. E. Guinness},
  title = {Maternal dominance,  breeding success and birth sex ratios in red deer},
  journal = {Nature}
}

@article{Hall2010,
  doi = {10.1111/j.1439-0310.1983.tb01341.x},
  url = {https://doi.org/10.1111/j.1439-0310.1983.tb01341.x},
  year = {2010},
  month = apr,
  publisher = {Wiley},
  volume = {61},
  number = {3},
  pages = {250--262},
  author = {Marion J. Hall},
  title = {Social Organization in an Enclosed Group of Red Deer (Cervus elaphus L.) on Rhum. I. The Dominance Hierarchy of Females and their Offspring},
  journal = {Zeitschrift f\"{u}r Tierpsychologie}
}

@article{Nussey2005,
  doi = {10.1111/j.1365-294x.2005.02692.x},
  url = {https://doi.org/10.1111/j.1365-294x.2005.02692.x},
  year = {2005},
  month = oct,
  publisher = {Wiley},
  volume = {14},
  number = {11},
  pages = {3395--3405},
  author = {D. H. Nussey and D. W. Coltman and T. Coulson and L. E. B. Kruuk and A. Donald and S. J. Morris and T. H. Clutton-Brock and J. Pemberton},
  title = {Rapidly declining fine-scale spatial genetic structure in female red deer},
  journal = {Molecular Ecology}
}

@article{Holekamp1996,
  doi = {10.1530/jrf.0.1080229},
  url = {https://doi.org/10.1530/jrf.0.1080229},
  year = {1996},
  month = nov,
  publisher = {Bioscientifica},
  volume = {108},
  number = {2},
  pages = {229--237},
  author = {K. E. Holekamp and L. Smale and M. Szykman},
  title = {Rank and reproduction in the female spotted hyaena},
  journal = {Reproduction}
}

@article{Hofer2003,
  doi = {10.1023/a:1027352517231},
  url = {https://doi.org/10.1023/a:1027352517231},
  year = {2003},
  month = jul,
  publisher = {Springer Science and Business Media {LLC}},
  volume = {17},
  number = {4},
  pages = {315--331},
  author = {Heribert Hofer and Marion L. East},
  title = {Behavioral processes and costs of co-existence in female spotted hyenas: a life history perspective},
  journal = {Evolutionary Ecology}
}

@article{VanHorn2004,
  doi = {10.1046/j.1365-294x.2003.02071.x},
  url = {https://doi.org/10.1046/j.1365-294x.2003.02071.x},
  year = {2004},
  month = jan,
  publisher = {Wiley},
  volume = {13},
  number = {2},
  pages = {449--458},
  author = {Russell C. Van Horn and Anne L. Engh and Kim T. Scribner and Stephan M. Funk and Kay E. Holekamp},
  title = {Behavioural structuring of relatedness in the spotted hyena (Crocuta crocuta) suggests direct fitness benefits of clan-level cooperation},
  journal = {Molecular Ecology}
}